name,ttm,03/31/2022,12/31/2021,09/30/2021,06/30/2021,03/31/2021,12/31/2020,09/30/2020,06/30/2020,03/31/2020,12/31/2019,09/30/2019,06/30/2019,03/31/2019,12/31/2018,09/30/2018,06/30/2018,03/31/2018,12/31/2017,09/30/2017,06/30/2017,03/31/2017,12/31/2016,09/30/2016,06/30/2016,03/31/2016,12/31/2015,09/30/2015,06/30/2015,03/31/2015,12/31/2014,09/30/2014,06/30/2014,03/31/2014,12/31/2013,09/30/2013,06/30/2013,03/31/2013,12/31/2012,09/30/2012,06/30/2012,03/31/2012,12/31/2011,09/30/2011,06/30/2011,03/31/2011,12/31/2010,09/30/2010,06/30/2010,03/31/2010,12/31/2009,09/30/2009,06/30/2009,03/31/2009,12/31/2008,09/30/2008,06/30/2008,03/31/2008,12/31/2007,09/30/2007,06/30/2007,03/31/2007,12/31/2006,09/30/2006,06/30/2006,03/31/2006,12/31/2005,09/30/2005,06/30/2005,03/31/2005,12/31/2004
TotalRevenue,"45,445,000","6,832,000","32,521,000","3,664,000","2,428,000","1,966,000","2,716,000","2,131,000","1,912,000","1,549,000","6,431,000","1,385,000","1,250,000","570,000","571,000","237,000","730,000","11,202,000","-1,000","0","1,000","1,000",,"0","0","0","0","0","0","0","0","0","0","0","0","0","0","0","0","0","0","0","0","0","0","0","0","0","0","0","0","0","0","0",,,,,,,,,,,,,,,,,
	OperatingRevenue,"45,445,000","6,832,000","32,521,000","3,664,000","2,428,000","1,966,000","2,716,000","2,131,000","1,912,000","1,549,000","6,431,000","1,385,000","1,250,000","570,000","571,000","237,000","730,000","11,202,000","-1,000","0","1,000","1,000",,"0","0","0","0","0","0","0","0","0","0","0","0","0","0","0","0","0","0","0","0","0","0","0","0","0","0","0","0","0","0","0",,,,,,,,,,,,,,,,,
CostOfRevenue,"1,590,000","234,000","925,000","431,000",,,,,,,,,,,,,,,,,,,,,,,,,,,,,,,,,,,,"0","0","0","0","0","0","0","0","0","0","0","0","0","0","0",,,,,,,,,,,,,,,,,
GrossProfit,"43,855,000","6,598,000","31,596,000","3,233,000",,,,,,,,,,,,,,,,,,,,,,,,,,,,,,,,,,,,"0","0","0","0","0","0","0","0","0","0","0","0","0","0","0",,,,,,,,,,,,,,,,,
OperatingExpense,"167,120,000","46,156,000","43,090,000","42,414,000","35,460,000","41,744,000","24,118,000","29,235,000","20,127,000","31,099,000","16,282,000","22,021,000","16,527,000","15,918,000","14,809,000","12,902,000","11,136,000","11,783,000","5,336,000","6,534,000","6,610,000","6,098,000",,"1,565,000","3,100,000","6,080,000","3,226,000","3,420,000","6,579,000","4,528,000","5,240,000","3,691,000","4,749,000","5,781,000","5,040,000","4,356,000","5,217,000","5,111,000","5,909,000","5,721,000","4,732,000","4,473,000","4,373,000","4,609,000","5,323,000","5,207,000","8,082,000","6,926,000","8,670,000","10,391,000","11,171,000","10,524,000","10,683,000","11,796,000","10,316,000","13,993,000","11,045,000","10,637,000","11,676,000","10,970,000","4,199,000","5,319,000","3,858,000",,,,,,,,
	SellingGeneralAndAdministration,"71,151,000","16,855,000","19,744,000","17,612,000","16,940,000","15,273,000","14,158,000","11,663,000","8,474,000","8,153,000","6,175,000","6,010,000","5,485,000","5,293,000","5,845,000","3,850,000","4,238,000","4,128,000","4,612,000","3,709,000","3,713,000","3,212,000",,"1,632,000","3,036,000","3,989,000","1,632,000","1,433,000","1,525,000","1,611,000","1,833,000","1,123,000","1,348,000","1,731,000","1,396,000","1,703,000","1,674,000","2,096,000","1,370,000","1,190,000","1,776,000","1,830,000","2,020,000","2,057,000","2,382,000","2,305,000","2,577,000","2,407,000","2,780,000","3,377,000","2,417,000","2,586,000","2,692,000","3,435,000","2,281,000","2,964,000","4,161,000","3,532,000","4,133,000","3,911,000","1,649,000","1,504,000","1,343,000",,,,,,,,
		GeneralAndAdministrativeExpense,,,,,"16,940,000","15,273,000","14,158,000","11,663,000","8,474,000","8,153,000","6,175,000","6,010,000","5,485,000","5,293,000","5,845,000","3,850,000","4,238,000","4,128,000","4,612,000","3,709,000","3,713,000","3,212,000",,"1,632,000","3,036,000","3,989,000","1,632,000","1,433,000","1,525,000","1,611,000","1,833,000","1,123,000","1,348,000","1,731,000","1,396,000","1,703,000","1,674,000","2,096,000","1,370,000",,,,,,,,,,,,,,,,,,,,,,,,,,,,,,,,
			OtherGandA,,,,,"16,940,000","15,273,000","14,158,000","11,663,000","8,474,000","8,153,000","6,175,000","6,010,000","5,485,000","5,293,000","5,845,000","3,850,000","4,238,000","4,128,000","4,612,000","3,709,000","3,713,000","3,212,000",,"1,632,000","3,036,000","3,989,000","1,632,000","1,433,000","1,525,000","1,611,000","1,833,000","1,123,000","1,348,000","1,731,000","1,396,000","1,703,000","1,674,000","2,096,000","1,370,000",,,,,,,,,,,,,,,,,,,,,,,,,,,,,,,,
	ResearchAndDevelopment,"84,482,000","21,903,000","20,602,000","21,083,000","20,894,000","19,943,000","20,050,000","22,200,000","18,397,000","16,130,000","14,216,000","11,996,000","11,034,000","8,329,000","9,504,000","9,666,000","6,411,000","6,151,000","3,991,000","3,226,000","2,962,000","2,812,000",,"-67,000","64,000","2,091,000","1,594,000","1,987,000","5,054,000","2,917,000","3,407,000","2,568,000","3,628,000","4,257,000","3,741,000","2,950,000","3,568,000","3,044,000","4,735,000","4,619,000","2,956,000","2,643,000","2,353,000","2,552,000","2,941,000","2,902,000","5,505,000","4,519,000","5,890,000","7,014,000","8,754,000","7,938,000","7,991,000","8,361,000","8,035,000","11,029,000","6,884,000","7,105,000","7,543,000","7,059,000","2,550,000","3,815,000","2,515,000",,,,,,,,
	OtherOperatingExpenses,"11,487,000","7,398,000","2,744,000","3,719,000","-2,374,000","6,528,000","-10,090,000","-4,628,000","-6,744,000","6,816,000","-4,109,000","4,015,000","8,000","2,296,000","-540,000","-614,000","487,000","1,504,000","-3,267,000","-401,000","-65,000","74,000",,,,,,,,,,"0","-227,000","-207,000","-97,000","-297,000","-25,000","-29,000","-196,000",,,,,,,,,,,,,,,,,,,,,,,,,,,,,,,,
OperatingIncome,"-123,265,000","-39,558,000","-11,494,000","-39,181,000","-33,032,000","-39,778,000","-21,402,000","-27,104,000","-18,215,000","-29,550,000","-9,851,000","-20,636,000","-15,277,000","-15,348,000","-14,238,000","-12,665,000","-10,406,000","-581,000","-5,337,000","-6,534,000","-6,609,000","-6,097,000",,"-1,565,000","-3,100,000","-6,080,000","-3,226,000","-3,420,000","-6,579,000","-4,528,000","-5,240,000","-3,691,000","-4,749,000","-5,781,000","-5,040,000","-4,356,000","-5,217,000","-5,111,000","-5,909,000","-5,721,000","-4,732,000","-4,473,000","-4,373,000","-4,609,000","-5,323,000","-5,207,000","-8,082,000","-6,926,000","-8,670,000","-10,391,000","-11,171,000","-10,524,000","-10,683,000","-11,796,000","-10,316,000","-13,993,000","-11,045,000","-10,637,000","-11,676,000","-10,970,000","-4,199,000","-5,319,000","-3,858,000",,,,,,,,
NetNonOperatingInterestIncomeExpense,"-12,853,000","-2,876,000","-3,257,000","-3,331,000","-3,389,000","-3,955,000","-3,397,000","-3,639,000","-2,388,000","-1,938,000","-1,362,000","-1,274,000","-1,351,000","-1,309,000","-789,000","-1,367,000","-1,666,000","-1,016,000","418,000","23,000","-152,000","-249,000",,"15,000","12,000","220,000","17,000","18,000","18,000","7,000","9,000","9,000","11,000","13,000","16,000","17,000","11,000","12,000","16,000","24,000","15,000","17,000","24,000","30,000","20,000","5,000","5,000","7,000","3,000","2,000","5,000","386,000","0","0",,,,,,,,,,,,,,,,,
	InterestIncomeNonOperating,,,,,,,,,,,,,,,,,,,,,,,,"15,000","12,000","220,000","17,000","18,000","18,000","7,000","9,000","9,000","11,000","13,000","16,000","17,000","11,000","12,000","16,000","24,000","15,000","17,000","24,000","30,000","20,000","5,000","5,000","7,000","3,000","2,000","5,000",,,,,,,,,,,,,,,,,,,,
	InterestExpenseNonOperating,"12,853,000","2,876,000","3,257,000","3,331,000","3,389,000","3,955,000","3,397,000","3,639,000","2,388,000","1,938,000","1,362,000","1,274,000","1,351,000",,,,,,,,"152,000","249,000",,"15,000","12,000","220,000","17,000","18,000","18,000","7,000","9,000","9,000","11,000","0","0","0","0","0","16,000","0","0","0","0","0","0","0","0","0","0","0","0",,"0","0",,,,,,,,,,,,,,,,,
	TotalOtherFinanceCost,"5,296,000",,,,,,,,,,"1,362,000","1,274,000","1,351,000","1,309,000","789,000","1,367,000","1,666,000","1,016,000","-418,000","-23,000","152,000","249,000",,,,,,,,,,,,,,,,,,,,,,,,,,,,,,,,,,,,,,,,,,,,,,,,,
OtherIncomeExpense,"3,691,000",,"0","103,387,000",,,,,,,"3,691,000",,,,"-817,000","7,000","-2,531,000","-22,000","75,000",,"585,000","-325,000",,"6,000","-4,000",,"2,000","176,000","119,000","166,000","546,000","1,399,000","1,548,000","-426,000","2,586,000","3,536,000","-4,431,000","-116,000","2,228,000","156,000","1,355,000","146,000","-145,000","-8,721,000","-1,355,000","-237,000","2,772,000",,,,,,"-54,000","-78,000",,,,,,,,,,,,,,,,,
	GainOnSaleOfSecurity,,,,,,,,,,,,,,,,,,,,,,,,"6,000","-4,000",,"2,000","178,000","119,000","166,000","546,000","1,399,000","1,548,000","-426,000","2,586,000","3,536,000","-4,431,000","-116,000","2,228,000",,,,,,,,,,,,,,,,,,,,,,,,,,,,,,,,
	SpecialIncomeCharges,,,,,,,,,,,,,,,,,,,,,,,,,,,,,,,,,,"0","0","0","0","0","0","156,000","1,355,000","146,000","-145,000","-8,721,000","-1,355,000","-237,000","2,772,000",,,"0","0",,"-54,000","-78,000",,,,,,,,,,,,,,,,,
	OtherNonOperatingIncomeExpenses,"3,691,000",,"0","103,387,000",,,,,,,"3,691,000",,,,"-817,000","7,000","-2,531,000","-22,000","75,000",,"585,000","-325,000",,,,,,,,,,,,,,,,,,,,,,,,,,,,,,,,,,,,,,,,,,,,,,,,,
PretaxIncome,"-32,731,000","-42,434,000","-14,751,000","60,875,000","-36,421,000","-43,733,000","-24,799,000","-30,743,000","-20,603,000","-31,488,000","-7,522,000","-21,910,000","-16,628,000","-16,657,000","-15,844,000","-14,025,000","-14,603,000","-1,619,000","-4,844,000","-6,511,000","-6,176,000","-6,671,000",,"-1,544,000","-3,092,000","-5,860,000","-3,207,000","-3,226,000","-6,442,000","-4,355,000","-4,685,000","-2,283,000","-3,190,000","-6,194,000","-2,438,000","-803,000","-9,637,000","-5,215,000","-3,665,000","-5,853,000","-6,072,000","-4,310,000","-4,494,000","4,142,000","-3,948,000","-5,439,000","-5,305,000","-8,173,000","-8,667,000","-10,389,000","-11,166,000","-10,512,000","-10,629,000","-11,718,000","-10,074,000","-12,174,000","-10,655,000","-9,526,000","-11,004,000","-9,958,000","-3,631,000","-5,187,000","-3,668,000",,,,,,,,
TaxProvision,"0",,"-3,789,000","3,789,000",,,,,,,"0",,,"0",,,"0",,"212,000","0","0","0",,"33,000","3,000","8,000","8,000","6,000","20,000","1,000","2,000","3,000","14,000","4,000","5,000","12,000","-6,000","5,000","4,000","26,000","-21,000","6,000","7,000","9,000","26,000","3,000","3,000","-69,000","-38,000","20,000","-18,000","-43,000","519,000","-89,000","-50,000","-492,000","-544,000","31,000","21,000","42,000","37,000","28,000",,,,,,,,,
NetIncomeCommonStockholders,"-32,731,000","-42,434,000","-10,962,000","57,086,000","-36,421,000","-43,733,000","-24,799,000","-30,743,000","-20,603,000","-31,488,000","-7,522,000","-21,910,000","-16,628,000","-16,657,000","-15,864,000","-14,025,000","-14,603,000","-1,619,000","-5,056,000","-6,511,000","-6,176,000","-6,671,000",,"-1,577,000","-3,095,000","-5,868,000","-3,215,000","-3,232,000","-6,462,000","-4,356,000","-4,687,000","-2,286,000","-3,204,000","-6,198,000","-2,443,000","-815,000","-9,631,000","-5,220,000","-3,669,000","-5,879,000","-6,051,000","-4,316,000","-4,501,000","4,133,000","-3,974,000","-5,442,000","-5,308,000","-8,104,000","-8,629,000","-10,409,000","-11,148,000","-10,469,000","-11,148,000","-11,629,000","-10,024,000","-12,665,000","-10,111,000","-9,557,000","-11,025,000","-10,000,000","-3,668,000","-5,215,000","-3,668,000","-2,507,000","-2,507,000","-2,507,000","-1,151,000","-846,000","-846,000","-846,000","-846,000"
	NetIncome,"-32,731,000","-42,434,000","-10,962,000","57,086,000","-36,421,000","-43,733,000","-24,799,000","-30,743,000","-20,603,000","-31,488,000","-7,522,000","-21,910,000","-16,628,000","-16,657,000","-15,864,000","-14,025,000","-14,603,000","-1,619,000","-5,056,000","-6,511,000","-6,176,000","-6,671,000",,"-1,577,000","-3,095,000","-5,868,000","-3,215,000","-3,232,000","-6,462,000","-4,356,000","-4,687,000","-2,286,000","-3,204,000","-6,198,000","-2,443,000","-815,000","-9,631,000","-5,220,000","-3,669,000","-5,879,000","-6,051,000","-4,316,000","-4,501,000","4,133,000","-3,974,000","-5,442,000","-5,308,000","-8,104,000","-8,629,000","-10,409,000","-11,148,000","-10,469,000","-11,148,000","-11,629,000","-10,024,000","-12,665,000","-10,111,000","-9,557,000","-11,025,000","-10,000,000","-3,668,000","-5,215,000","-3,668,000","-2,306,000","-2,306,000","-2,306,000","-1,151,000","-846,000","-846,000","-846,000","-846,000"
		NetIncomeIncludingNoncontrollingInterests,"-32,731,000","-42,434,000","-10,962,000","57,086,000","-36,421,000","-43,733,000","-24,799,000","-30,743,000","-20,603,000","-31,488,000","-7,522,000","-21,910,000","-16,628,000","-16,657,000","-15,864,000","-14,025,000","-14,603,000","-1,619,000","-5,056,000","-6,511,000","-6,176,000","-6,671,000",,"-1,577,000","-3,095,000","-5,868,000","-3,215,000","-3,232,000","-6,462,000","-4,356,000","-4,687,000","-2,286,000","-3,204,000","-6,198,000","-2,443,000","-815,000","-9,631,000","-5,220,000","-3,669,000","-5,879,000","-6,051,000","-4,316,000","-4,501,000","4,133,000","-3,974,000","-5,442,000","-5,308,000","-8,104,000","-8,629,000","-10,409,000","-11,148,000","-10,469,000","-11,148,000","-11,629,000","-10,024,000","-12,665,000","-10,111,000","-9,557,000","-11,025,000","-10,000,000","-3,668,000","-5,215,000","-3,668,000","-2,306,000","-2,306,000","-2,306,000","-1,151,000","-846,000","-846,000","-846,000","-846,000"
			NetIncomeContinuousOperations,"-32,731,000","-42,434,000","-10,962,000","57,086,000","-36,421,000","-43,733,000","-24,799,000","-30,743,000","-20,603,000","-31,488,000","-7,522,000","-21,910,000","-16,628,000","-16,657,000","-15,864,000","-14,025,000","-14,603,000","-1,619,000","-5,056,000","-6,511,000","-6,176,000","-6,671,000",,"-1,577,000","-3,095,000","-5,868,000","-3,215,000","-3,232,000","-6,462,000","-4,356,000","-4,687,000","-2,286,000","-3,204,000","-6,198,000","-2,443,000","-815,000","-9,631,000","-5,220,000","-3,669,000","-5,879,000","-6,051,000","-4,316,000","-4,501,000","4,133,000","-3,974,000","-5,442,000","-5,308,000","-8,104,000","-8,629,000","-10,409,000","-11,148,000","-10,469,000","-11,148,000","-11,629,000","-10,024,000","-12,665,000","-10,111,000","-9,557,000","-11,025,000","-10,000,000","-3,668,000","-5,215,000","-3,668,000","-2,306,000","-2,306,000","-2,306,000","-1,151,000","-846,000","-846,000","-846,000","-846,000"
	PreferredStockDividends,,,,,,,,,,,,,,,,,,,,,,,,,,,,,,,,,,,,,,,,,,,,,,,,,,,,,,,,,,,,,,,,"201,000","201,000","201,000",,,,,
	OtherunderPreferredStockDividend,,,,,,,,,,,,,,,,,,,,,,,,,,,,,,,,,,"0","0","0","0","0","0",,,,,,,,,,,,,,,,,,,,,,,,,,,,,,,,
DilutedNIAvailtoComStockholders,"-32,731,000","-42,434,000","-10,962,000","57,086,000","-36,421,000","-43,733,000","-24,799,000","-30,743,000","-20,603,000","-31,488,000","-7,522,000","-21,910,000","-16,628,000","-16,657,000","-15,864,000","-14,025,000","-14,603,000","-1,619,000","-5,056,000","-6,511,000","-6,176,000","-6,671,000",,"-1,577,000","-3,095,000","-5,868,000","-3,215,000","-3,232,000","-6,462,000","-4,356,000","-4,687,000","-2,286,000","-3,204,000","-6,198,000","-2,443,000","-815,000","-9,631,000","-5,220,000","-3,669,000","-5,879,000","-6,051,000","-4,316,000","-4,501,000","4,133,000","-3,974,000","-5,442,000","-5,308,000","-8,104,000","-8,629,000","-10,409,000","-11,148,000","-10,469,000","-11,148,000","-11,629,000","-10,024,000","-12,665,000","-10,111,000","-9,557,000","-11,025,000","-10,000,000","-3,668,000","-5,215,000","-3,668,000","-2,507,000","-2,507,000","-2,507,000","-1,151,000","-846,000","-846,000","-846,000","-846,000"
BasicEPS,,"-2.19","-0.57","2.96","-1.9","-2.29","-1.3","-1.96","-1.38","-2.23","-0.57","-1.73","-1.35","-1.39",,"-1.17","-1.22","-0.15",,"-0.73","-0.86","-1.06","-13.19",,"-1.5","-2.7","-1.5",,"-3.6","-5.4","-6",,"-4.5","-8.7","-3.6",,"-19.8","-11.1","-7.8",,"-15.6","-13.2","-14.4",,"-14.4","-25.2","-24",,"-43.2","-52.801","-56.401",,"-56.401","-58.801","-50.401",,"-51.601","-51.601","-66.001",,"-25.2","-214.802","-81.601",,"-56.401","-56.401","-25.2",,"-19.2","-19.2","-19.2"
DilutedEPS,,"-2.19","-0.57","2.9","-1.9","-2.29","-1.3","-1.96","-1.38","-2.23","-0.57","-1.73","-1.35","-1.39",,"-1.17","-1.22","-0.15",,"-0.73","-0.86","-1.06","-13.19",,"-1.5","-2.7","-1.5",,"-3.6","-5.4","-6",,"-4.5","-8.7","-3.6",,"-19.8","-11.1","-7.8",,"-15.6","-13.2","-14.4",,"-14.4","-25.2","-24",,"-43.2","-52.801","-56.401",,"-56.401","-58.801","-50.401",,"-51.601","-51.601","-66.001",,"-25.2","-214.802","-81.601",,"-56.401","-56.401","-25.2",,"-19.2","-19.2","-19.2"
BasicAverageShares,,"19,379,586","19,290,017","19,258,905","19,200,747","19,131,557","19,082,963","15,704,293","14,981,756","14,132,217","12,698,492","12,685,000","12,355,969","12,001,125",,"11,969,791","11,938,357","10,896,575",,"8,878,430","7,171,610","6,292,644","1,239,694",,"2,138,254","2,138,254","2,119,416",,"1,796,420","812,300","781,186",,"703,938","702,767","702,448",,"485,765","472,743","472,530",,"386,662","322,948","322,449",,"275,146","220,580","220,157",,"199,534","199,046","198,738",,"197,995","197,646","197,549",,"197,114","183,709","168,321",,"147,241","44,968","44,663",,"44,651","44,651","44,637",,"44,354","44,354","44,354"
DilutedAverageShares,,"19,379,586","19,290,017","19,651,243","19,200,747","19,131,557","19,082,963","15,704,293","14,981,756","14,132,217","12,698,492","12,685,000","12,355,969","12,001,125",,"11,969,791","11,938,357","10,896,575",,"8,878,430","7,171,610","6,292,644","1,239,694",,"2,138,254","2,138,254","2,119,416",,"1,796,420","812,300","781,186",,"703,938","702,767","702,448",,"485,765","472,743","472,530",,"386,662","322,948","322,449",,"275,146","220,580","220,157",,"199,534","199,046","198,738",,"197,995","197,646","197,549",,"197,114","183,709","168,321",,"147,241","44,968","44,663",,"44,651","44,651","44,637",,"44,354","44,354","44,354"
TotalOperatingIncomeAsReported,"-123,265,000","-39,558,000","-11,494,000","-39,181,000","-33,032,000","-39,778,000","-21,402,000","-27,104,000","-18,215,000","-29,550,000","-9,851,000","-20,636,000","-15,277,000","-15,348,000","-14,238,000","-12,665,000","-10,406,000","-581,000","-5,337,000","-6,534,000","-6,609,000","-6,097,000",,,,,,,,,,,,,,,,,,,"-4,732,000","-4,473,000","-4,373,000",,,,,,,"-10,391,000",,,,,"-10,316,000","-13,993,000","-11,045,000","-10,637,000","-11,676,000","-10,970,000","-4,199,000","-5,319,000","-3,858,000",,,,,,,,
TotalExpenses,"168,710,000","46,390,000","44,015,000","42,845,000","35,460,000","41,744,000","24,118,000","29,235,000","20,127,000","31,099,000","16,282,000","22,021,000","16,527,000","15,918,000","14,809,000","12,902,000","11,136,000","11,783,000","5,336,000","6,534,000","6,610,000","6,098,000",,"1,565,000","3,100,000","6,080,000","3,226,000","3,420,000","6,579,000","4,528,000","5,240,000","3,691,000","4,749,000","5,781,000","5,040,000","4,356,000","5,217,000","5,111,000","5,909,000","5,721,000","4,732,000","4,473,000","4,373,000","4,609,000","5,323,000","5,207,000","8,082,000","6,926,000","8,670,000","10,391,000","11,171,000","10,524,000","10,683,000","11,796,000","10,316,000","13,993,000","11,045,000","10,637,000","11,676,000","10,970,000","4,199,000","5,319,000","3,858,000",,,,,,,,
NetIncomeFromContinuingAndDiscontinuedOperation,"-32,731,000","-42,434,000","-10,962,000","57,086,000","-36,421,000","-43,733,000","-24,799,000","-30,743,000","-20,603,000","-31,488,000","-7,522,000","-21,910,000","-16,628,000","-16,657,000","-15,864,000","-14,025,000","-14,603,000","-1,619,000","-5,056,000","-6,511,000","-6,176,000","-6,671,000",,"-1,577,000","-3,095,000","-5,868,000","-3,215,000","-3,232,000","-6,462,000","-4,356,000","-4,687,000","-2,286,000","-3,204,000","-6,198,000","-2,443,000","-815,000","-9,631,000","-5,220,000","-3,669,000","-5,879,000","-6,051,000","-4,316,000","-4,501,000","4,133,000","-3,974,000","-5,442,000","-5,308,000","-8,104,000","-8,629,000","-10,409,000","-11,148,000","-10,469,000","-11,148,000","-11,629,000","-10,024,000","-12,665,000","-10,111,000","-9,557,000","-11,025,000","-10,000,000","-3,668,000","-5,215,000","-3,668,000","-2,306,000","-2,306,000","-2,306,000","-1,151,000","-846,000","-846,000","-846,000","-846,000"
NormalizedIncome,"-32,731,000","-42,434,000","-10,962,000","57,086,000","-36,421,000","-43,733,000","-24,799,000","-30,743,000","-20,603,000","-31,488,000","-7,522,000","-21,910,000","-16,628,000","-16,657,000","-15,864,000","-14,025,000","-14,603,000","-1,619,000","-5,056,000","-6,511,000","-6,176,000","-6,671,000",,"-1,580,600","-3,091,000","-5,868,000","-3,217,000","-3,337,600","-6,581,000","-4,522,000","-5,233,000","-3,195,350","-4,752,000","-5,772,000","-5,029,000","-3,113,400","-5,200,000","-5,104,000","-5,897,000","-5,980,400","-7,401,313.735","-4,410,900","-4,406,750","12,835,050.459","-3,093,250","-5,287,950","-7,109,800","-8,104,000","-8,629,000","-10,409,000","-11,148,000","-10,469,000","-11,112,900","-11,551,592.422","-10,024,000","-12,665,000","-10,111,000","-9,557,000","-11,025,000","-10,000,000","-3,668,000","-5,215,000","-3,668,000","-2,306,000","-2,306,000","-2,306,000","-1,151,000","-846,000","-846,000","-846,000","-846,000"
InterestIncome,,,,,,,,,,,,,,,,,,,,,,,,"15,000","12,000","220,000","17,000","18,000","18,000","7,000","9,000","9,000","11,000","13,000","16,000","17,000","11,000","12,000","16,000","24,000","15,000","17,000","24,000","30,000","20,000","5,000","5,000","7,000","3,000","2,000","5,000",,,,,,,,,,,,,,,,,,,,
InterestExpense,"12,853,000","2,876,000","3,257,000","3,331,000","3,389,000","3,955,000","3,397,000","3,639,000","2,388,000","1,938,000","1,362,000","1,274,000","1,351,000",,,,,,,,"152,000","249,000",,"15,000","12,000","220,000","17,000","18,000","18,000","7,000","9,000","9,000","11,000","0","0","0","0","0","16,000","0","0","0","0","0","0","0","0","0","0","0","0",,"0","0",,,,,,,,,,,,,,,,,
NetInterestIncome,"-12,853,000","-2,876,000","-3,257,000","-3,331,000","-3,389,000","-3,955,000","-3,397,000","-3,639,000","-2,388,000","-1,938,000","-1,362,000","-1,274,000","-1,351,000","-1,309,000","-789,000","-1,367,000","-1,666,000","-1,016,000","418,000","23,000","-152,000","-249,000",,"15,000","12,000","220,000","17,000","18,000","18,000","7,000","9,000","9,000","11,000","13,000","16,000","17,000","11,000","12,000","16,000","24,000","15,000","17,000","24,000","30,000","20,000","5,000","5,000","7,000","3,000","2,000","5,000","386,000","0","0",,,,,,,,,,,,,,,,,
EBIT,"-19,878,000","-39,558,000","-11,494,000","64,206,000","-33,032,000","-39,778,000","-21,402,000","-27,104,000","-18,215,000","-29,550,000","-6,160,000","-20,636,000","-15,277,000","-15,348,000","-14,238,000","-12,665,000","-10,406,000","-581,000","-5,337,000","-6,534,000","-6,024,000","-6,422,000",,"-1,565,000","-3,100,000","-6,080,000","-3,226,000","-3,420,000","-6,579,000","-4,528,000","-5,240,000","-3,691,000","-4,749,000","-6,194,000","-2,438,000","-803,000","-9,637,000","-5,215,000","-5,909,000","-5,853,000","-6,072,000","-4,310,000","-4,494,000","4,142,000","-3,948,000","-5,439,000","-5,305,000","-8,173,000","-8,667,000","-10,389,000","-11,166,000","-10,898,000","-10,629,000","-11,718,000","-10,316,000","-13,993,000","-11,045,000","-10,637,000","-11,676,000","-10,970,000","-4,199,000","-5,319,000","-3,858,000",,,,,,,,
EBITDA,"-19,527,000"
ReconciledCostOfRevenue,"1,590,000","234,000","925,000","431,000",,,,,,,,,,,,,,,,,,,,,,,,,,,,,,,,,,,,"0","0","0","0","0","0","0","0","0","0","0","0","0","0","0",,,,,,,,,,,,,,,,,
ReconciledDepreciation,"351,000","114,000","107,000","92,000","38,000","37,000","73,000","42,000","38,000","39,000","38,000","39,000","39,000","11,000","12,000","11,000","-31,000","53,000","12,000","10,000","8,000","5,000",,"0","1,000","50,000","30,000","-14,000","47,000","62,000","102,000","141,000","152,000","154,000","156,000","157,000","158,000","159,000","167,000","170,000","173,000","188,000","194,000","206,000","230,000","250,000","252,000","255,000","249,000","242,000","245,000","234,000","223,000","211,000","209,000","181,000","185,000","133,000","68,000","-21,000","99,000","90,000","86,000",,,,,,,,
NetIncomeFromContinuingOperationNetMinorityInterest,"-32,731,000","-42,434,000","-10,962,000","57,086,000","-36,421,000","-43,733,000","-24,799,000","-30,743,000","-20,603,000","-31,488,000","-7,522,000","-21,910,000","-16,628,000","-16,657,000","-15,864,000","-14,025,000","-14,603,000","-1,619,000","-5,056,000","-6,511,000","-6,176,000","-6,671,000",,"-1,577,000","-3,095,000","-5,868,000","-3,215,000","-3,232,000","-6,462,000","-4,356,000","-4,687,000","-2,286,000","-3,204,000","-6,198,000","-2,443,000","-815,000","-9,631,000","-5,220,000","-3,669,000","-5,879,000","-6,051,000","-4,316,000","-4,501,000","4,133,000","-3,974,000","-5,442,000","-5,308,000","-8,104,000","-8,629,000","-10,409,000","-11,148,000","-10,469,000","-11,148,000","-11,629,000","-10,024,000","-12,665,000","-10,111,000","-9,557,000","-11,025,000","-10,000,000","-3,668,000","-5,215,000","-3,668,000","-2,306,000","-2,306,000","-2,306,000","-1,151,000","-846,000","-846,000","-846,000","-846,000"
TotalUnusualItemsExcludingGoodwill,,,,,,,,,,,,,,,,,,,,,,,,"6,000","-4,000",,"2,000","176,000","119,000","166,000","546,000","1,399,000","1,548,000","-426,000","2,586,000","3,536,000","-4,431,000","-116,000","2,228,000","156,000","1,355,000","146,000","-145,000","-8,721,000","-1,355,000","-237,000","2,772,000",,,"0","0",,"-54,000","-78,000",,,,,,,,,,,,,,,,,
TotalUnusualItems,,,,,,,,,,,,,,,,,,,,,,,,"6,000","-4,000",,"2,000","176,000","119,000","166,000","546,000","1,399,000","1,548,000","-426,000","2,586,000","3,536,000","-4,431,000","-116,000","2,228,000","156,000","1,355,000","146,000","-145,000","-8,721,000","-1,355,000","-237,000","2,772,000",,,"0","0",,"-54,000","-78,000",,,,,,,,,,,,,,,,,
NormalizedEBITDA,"-19,527,000","-39,444,000","-11,387,000","64,298,000","-32,994,000","-39,741,000","-21,329,000","-27,062,000","-18,177,000","-29,511,000","-6,122,000","-20,597,000","-15,238,000","-15,337,000","-14,226,000","-12,654,000","-10,406,000","-528,000","-5,325,000","-6,524,000","-6,016,000","-6,417,000",,"-1,571,000","-3,095,000","-6,030,000","-3,198,000","-3,596,000","-6,651,000","-4,632,000","-5,684,000","-4,949,000","-6,145,000","-5,614,000","-4,868,000","-4,182,000","-5,048,000","-4,940,000","-7,970,000","-5,839,000","-7,254,000","-4,268,000","-4,155,000","13,069,000","-2,363,000","-4,952,000","-7,825,000","-7,918,000","-8,418,000","-10,147,000","-10,921,000","-10,664,000","-10,352,000","-11,429,000","-10,107,000","-13,812,000","-10,860,000","-10,504,000","-11,608,000","-10,970,000","-4,100,000","-5,229,000","-3,772,000",,,,,,,,
TaxRateForCalcs,"0","0","0","0.062","0","0","0","0","0","0","0","0","0","0","0","0","0","0","0.4","0","0","0",,"0.4","0","0","0","0.4","0","0","0","0.35","0","0","0","0.35","0","0","0","0.35","0.003","0.35","0.35","0.002","0.35","0.35","0.35","0.008","0.004","0.35","0.002","0.004","0.35","0.008","0.005","0.04","0.051","0.35","0.35","0.35","0.35","0.35","0","0.4","0.4","0.4","0.4","0.4","0.4","0.4","0.4"
TaxEffectOfUnusualItems,"0","0","0","0","0","0","0","0","0","0","0","0","0","0","0","0","0","0","0","0","0","0",,"2,400","0","0","0","70,400","0","0","0","489,650","0","0","0","1,237,600","0","0","0","54,600","4,686.265","51,100","-50,750","-18,949.541","-474,250","-82,950","970,200","0","0","0","0","0","-18,900","-592.422","0","0","0","0","0","0","0","0","0","0","0","0","0","0","0","0","0"