name,ttm,03/31/2022,12/31/2021,09/30/2021,06/30/2021,03/31/2021,12/31/2020,09/30/2020,06/30/2020,03/31/2020,12/31/2019,09/30/2019,06/30/2019,03/31/2019,12/31/2018,09/30/2018,06/30/2018,03/31/2018,12/31/2017,09/30/2017,06/30/2017,03/31/2017,12/31/2016,09/30/2016,06/30/2016,03/31/2016,12/31/2015,09/30/2015,06/30/2015,03/31/2015,12/31/2014,09/30/2014,06/30/2014,03/31/2014,12/31/2013,09/30/2013,06/30/2013,03/31/2013,12/31/2012,09/30/2012,06/30/2012,03/31/2012,12/31/2011,09/30/2011,06/30/2011,03/31/2011,12/31/2010,09/30/2010,06/30/2010,03/31/2010,12/31/2009,09/30/2009,06/30/2009,03/31/2009,12/31/2008,09/30/2008,06/30/2008,12/31/2007,09/30/2007,06/30/2007,03/31/2007,12/31/2006,09/30/2006,06/30/2006,03/31/2006,12/31/2005,09/30/2005,06/30/2005,03/31/2005,12/31/2004,09/30/2004,06/30/2004,03/31/2004,12/31/2003,09/30/2003,06/30/2003,03/31/2003
TotalRevenue,"747,596,000","-150,711,000","375,487,000","310,205,000","212,615,000","95,082,000","88,592,000","70,893,000","59,012,000","39,351,000","36,016,000","32,795,000","30,553,000","27,192,000","30,411,000","23,854,000","22,112,000","-17,291,000","38,031,000","27,891,000","26,120,000","22,397,000","22,285,000","22,832,000","24,039,000","23,032,000","24,089,000","20,734,000","18,686,000","10,229,000","7,006,000","5,462,000","5,554,000","5,283,000","7,033,000","6,996,000","5,092,000","1,773,000","2,049,000","912,000","1,290,000","1,442,000","1,957,000","1,938,000","1,893,000","2,203,000","2,048,000","2,077,000","2,858,000","-15,838,000","9,651,000","10,141,000","10,083,000","9,902,000","11,005,000","5,003,000","5,347,000",,,,,,,,,,,,,"874,000","990,000","1,053,000","833,000","946,000","823,000","1,213,000","1,031,000"
	OperatingRevenue,"747,596,000","-150,711,000","375,487,000","310,205,000","212,615,000","95,082,000","88,592,000","70,893,000","59,012,000","39,351,000","36,016,000","32,795,000","30,553,000","27,192,000","30,411,000","23,854,000","22,112,000","-17,291,000","38,031,000","27,891,000","26,120,000","22,397,000","22,285,000","22,832,000","24,039,000","23,032,000","24,089,000","20,734,000","18,686,000","10,229,000","7,006,000","5,462,000","5,554,000","5,283,000","7,033,000","6,996,000","5,092,000","1,773,000","2,049,000","912,000","1,290,000","1,442,000","1,957,000","1,938,000","1,893,000","2,203,000","2,048,000","2,077,000","2,858,000","-15,838,000","9,651,000","10,141,000","10,083,000","9,902,000","11,005,000","5,003,000","5,347,000",,,,,,,,,,,,,"874,000","990,000","1,053,000","833,000","946,000","823,000","1,213,000","1,031,000"
CostOfRevenue,"400,486,000","-230,225,000","272,847,000","216,983,000","140,881,000","56,060,000","50,893,000","41,194,000","32,860,000","24,023,000","21,976,000","20,490,000","18,553,000","16,238,000","19,733,000","16,310,000","15,723,000","-18,706,000","28,370,000","20,528,000","19,504,000","18,490,000","18,917,000","19,679,000","21,104,000","19,380,000","20,273,000","20,657,000","16,412,000","9,297,000","5,023,000","3,661,000","4,140,000","3,842,000","4,979,000","4,469,000","3,268,000","636,000","927,000","376,000","672,000","816,000","790,000","718,000","550,000","204,000","1,258,000","1,085,000","662,000","-5,595,000","2,922,000","3,006,000","2,855,000","3,078,000","3,934,000","1,887,000","2,252,000",,,,,,,,,,,,,"57,000","184,000","167,000","176,000","385,000","156,000","300,000","300,000"
GrossProfit,"347,110,000","79,514,000","102,640,000","93,222,000","71,734,000","39,022,000","37,699,000","29,699,000","26,152,000","15,328,000","14,040,000","12,305,000","12,000,000","10,954,000","10,678,000","7,544,000","6,389,000","1,415,000","9,661,000","7,363,000","6,616,000","3,907,000","3,368,000","3,153,000","2,935,000","3,652,000","3,816,000","77,000","2,274,000","932,000","1,983,000","1,801,000","1,414,000","1,441,000","2,054,000","2,527,000","1,824,000","1,137,000","1,122,000","536,000","618,000","626,000","1,167,000","1,220,000","1,343,000","1,999,000","790,000","992,000","2,196,000","-10,243,000","6,729,000","7,135,000","7,228,000","6,824,000","7,071,000","3,116,000","3,095,000",,,,,,,,,,,,,"817,000","806,000","886,000","657,000","561,000","667,000","913,000","731,000"
OperatingExpense,"254,869,000","52,089,000","73,501,000","76,690,000","52,579,000","23,068,000","17,182,000","17,583,000","15,530,000","12,403,000","9,908,000","9,190,000","8,960,000","9,020,000","8,222,000","7,229,000","7,649,000","3,854,000","10,257,000","8,613,000","8,140,000","7,761,000","8,778,000","9,460,000","9,384,000","9,028,000","9,081,000","8,221,000","9,425,000","9,955,000","7,374,000","6,446,000","6,094,000","4,578,000","6,242,000","6,419,000","5,977,000","3,334,000","4,701,000","3,771,000","2,870,000","5,038,000","7,282,000","1,906,000","1,814,000","2,392,000","2,862,000","2,652,000","3,515,000","-6,608,000","6,623,000","7,515,000","7,368,000","7,531,000","8,156,000","5,500,000","5,996,000","1,278,023","544,123","367,006","264,138","286,217","222,357","29,245","15,667","86,784","47,831","12,581","23,862","738,000","323,000","726,000","665,000","413,000","740,000","696,000","960,000"
	SellingGeneralAndAdministration,"202,146,000","50,537,000","55,781,000","58,786,000","37,032,000","16,776,000","11,980,000","13,366,000","11,122,000","8,697,000","7,125,000","6,455,000","6,166,000","6,318,000","5,794,000","4,592,000","4,540,000","3,419,000","6,634,000","5,776,000","5,382,000","4,791,000","5,665,000","6,343,000","6,549,000","5,943,000","6,343,000","5,815,000","6,671,000","7,882,000","5,656,000","4,291,000","4,135,000","3,008,000","4,122,000","3,906,000","4,311,000","2,930,000","4,124,000","3,406,000","2,504,000","4,462,000","6,852,000","1,422,000","1,150,000","1,927,000","1,915,000","1,573,000","2,424,000","-6,854,000","5,262,000","5,980,000","5,769,000","5,503,000","6,416,000","3,563,000","4,093,000","1,278,023","544,123","367,006","264,138","286,217","222,357","29,245","15,667","86,784","47,831","12,581","23,862","689,000","737,000","599,000","523,000","80,000","593,000","530,000","548,000"
		GeneralAndAdministrativeExpense,"138,837,000","34,300,000","39,924,000","41,307,000","23,296,000","11,844,000","6,761,000","8,531,000","6,804,000","4,987,000","4,310,000","4,014,000","3,888,000","3,817,000","3,832,000","2,679,000","2,704,000","2,620,000","4,592,000","4,088,000","3,824,000","2,909,000","3,982,000","4,815,000","5,105,000","4,302,000","4,667,000","4,347,000","5,389,000","6,938,000","5,171,000","3,548,000","3,374,000","2,662,000","3,567,000","3,325,000","3,878,000","2,606,000","3,795,000","3,191,000","2,401,000","4,249,000","6,648,000","1,200,000","915,000","1,432,000","1,318,000","1,120,000","1,828,000","-601,000","2,986,000","2,956,000","2,388,000","2,793,000","2,173,000",,,,,,,,,,,,,,,,,,,,,,
			OtherGandA,"138,837,000","34,300,000","39,924,000","41,307,000","23,296,000","11,844,000","6,761,000","8,531,000","6,804,000","4,987,000","4,310,000","4,014,000","3,888,000","3,817,000","3,832,000","2,679,000","2,704,000","2,620,000","4,592,000","4,088,000","3,824,000","2,909,000","3,982,000","4,815,000","5,105,000","4,302,000","4,667,000","4,347,000","5,389,000","6,938,000","5,171,000","3,548,000","3,374,000","2,662,000","3,567,000","3,325,000","3,878,000","2,606,000","3,795,000","3,191,000","2,401,000","4,249,000","6,648,000","1,200,000","915,000","1,432,000","1,318,000","1,120,000","1,828,000","-601,000","2,986,000","2,956,000","2,388,000","2,793,000","2,173,000",,,,,,,,,,,,,,,,,,,,,,
		SellingAndMarketingExpense,"63,309,000","16,237,000","15,857,000","17,479,000","13,736,000","4,932,000","5,219,000","4,835,000","4,318,000","3,710,000","2,815,000","2,441,000","2,278,000","2,501,000","1,962,000","1,913,000","1,836,000","799,000","2,042,000","1,688,000","1,558,000","1,882,000","1,683,000","1,528,000","1,444,000","1,641,000","1,676,000","1,468,000","1,282,000","944,000","485,000","743,000","761,000","346,000","555,000","581,000","433,000","324,000","329,000","215,000","103,000","213,000","204,000","222,000","235,000","495,000","597,000","453,000","596,000","-6,253,000","2,276,000","3,024,000","3,381,000","2,710,000","4,243,000",,,,,,,,,,,,,,,,,,,,,,
	ResearchAndDevelopment,"52,723,000","1,552,000","17,720,000","17,904,000","15,547,000","6,292,000","5,202,000","4,217,000","4,408,000","3,706,000","2,783,000","2,735,000","2,794,000","2,702,000","2,428,000","2,637,000","3,109,000","435,000","3,623,000","2,837,000","2,758,000","2,970,000","3,113,000","3,117,000","2,835,000","3,085,000","2,738,000","2,406,000","2,754,000","2,073,000","1,718,000","2,155,000","1,959,000","1,570,000","2,120,000","2,513,000","1,666,000","404,000","577,000","365,000","366,000","576,000","430,000","484,000","664,000","465,000","929,000","1,060,000","1,074,000","230,000","1,184,000","1,358,000","1,422,000","1,851,000","1,563,000","1,800,000","1,766,000",,,,,,,,,,,,,,,,,,,"54,000","128,000"
	DepreciationAmortizationDepletionIncomeStatement,,,,,,,,,,,,,,,,,,,,,,,,,,,,,,,,,,,,,,,,,,"0","0","0","0","0","18,000","19,000","17,000","16,000","177,000","177,000","177,000","177,000","177,000","137,000","137,000",,,,,,,,,,,,,"76,000","60,000","127,000","142,000","342,000","147,000","112,000","284,000"
		DepreciationAndAmortizationInIncomeStatement,,,,,,,,,,,,,,,,,,,,,,,,,,,,,,,,,,,,,,,,,,"0","0","0","0","0","18,000","19,000","17,000","16,000","177,000","177,000","177,000","177,000","177,000","137,000","137,000",,,,,,,,,,,,,"76,000","60,000","127,000","142,000","342,000","147,000","112,000","284,000"
			DepreciationIncomeStatement,,,,,,,,,,,,,,,,,,,,,,,,,,,,,,,,,,,,,,,,,,,,,,,,,,,,,,,,,,,,,,,,,,,,,,,,,,,,"30,000","42,000"
			Amortization,,,,,,,,,,,,,,,,,,,,,,,,,,,,,,,,,,,,,,,,,,"0","0","0","0","0","18,000","19,000","17,000","16,000","177,000","177,000","177,000","177,000","177,000","137,000","137,000",,,,,,,,,,,,,"76,000","60,000","127,000","142,000","342,000","147,000","82,000","242,000"
				AmortizationOfIntangiblesIncomeStatement,,,,,,,,,,,,,,,,,,,,,,,,,,,,,,,,,,,,,,,,,,"0","0","0","0","0","18,000","19,000","17,000","16,000","177,000","177,000","177,000","177,000","177,000","137,000","137,000",,,,,,,,,,,,,"76,000","60,000","127,000","142,000","342,000","147,000","82,000","242,000"
	OtherOperatingExpenses,,,,,,,,,,,,,,,,,,,,,,,,,,,,,,,,,,,,,,,,,,,,,,,,,,,,,,,,,,,,,,,,,,,,,,"-27,000","-474,000",,,"-9,000",,,
OperatingIncome,"92,241,000","27,425,000","29,139,000","16,532,000","19,155,000","15,954,000","20,517,000","12,116,000","10,622,000","2,925,000","4,132,000","3,115,000","3,040,000","1,934,000","2,456,000","315,000","-1,260,000","-2,439,000","-596,000","-1,250,000","-1,524,000","-3,854,000","-5,410,000","-6,307,000","-6,449,000","-5,376,000","-5,265,000","-8,144,000","-7,151,000","-9,023,000","-5,391,000","-4,645,000","-4,680,000","-3,137,000","-4,188,000","-3,892,000","-4,153,000","-2,197,000","-3,579,000","-3,235,000","-2,252,000","-4,412,000","-6,115,000","-686,000","-471,000","-393,000","-2,072,000","-1,660,000","-1,319,000","-3,635,000","106,000","-380,000","-140,000","-707,000","-1,085,000","-2,384,000","-2,901,000","-1,278,023","-544,123","-367,006","-264,138","-286,217","-222,357","-29,245","-15,667","-86,784","-47,831","-12,581","-23,862","79,000","483,000","160,000","-8,000","148,000","-73,000","217,000","-229,000"
NetNonOperatingInterestIncomeExpense,"-8,495,000","-3,188,000","-2,195,000","-1,955,000","-1,157,000","-144,000","-266,000","-287,000","-306,000","-77,000","59,000","41,000","0","-472,000","-194,000","-135,000","-319,000","-252,000","-446,000","-662,000","-707,000","-599,000","-725,000","-622,000","-682,000","-449,000","-471,000","-405,000","-491,000","-112,000","5,000","-131,000","3,000","1,875,000","-4,000","-1,653,000","-1,626,000","-393,000","-536,000","-494,000","-459,000","-10,059,000","-1,693,000","-377,000","-367,000","-364,000","-358,000","-360,000","-679,000","-844,000","-810,000","-734,000","-666,000","-885,000","-444,000",,,,,,,,,,,,,,,,,,,,,,
	InterestIncomeNonOperating,,,,,,,,,,"-77,000",,,,,,,,,,,,,,,,,,,"-491,000",,"5,000",,"3,000",,,,,,,,,,,,"0","0","0","1,000","1,000","1,000","1,000","3,000","3,000","0","21,000",,,,,,,,,,,,,,,,,,,,,,
	InterestExpenseNonOperating,"8,495,000","3,188,000",,,,,,,,,,,"0","472,000","194,000","135,000","319,000","252,000","446,000","662,000","707,000","599,000","725,000","622,000","682,000","449,000","471,000","405,000","491,000","112,000",,"131,000","3,000","-1,875,000","4,000","1,653,000","1,626,000","393,000","536,000","494,000","459,000","10,059,000","1,693,000","377,000","367,000","364,000","358,000","361,000","680,000","845,000","811,000","737,000","669,000","885,000","465,000",,,,,,,,,,,,,,,,,,,,,,
	TotalOtherFinanceCost,"8,495,000","3,188,000","2,195,000","1,955,000","1,157,000","144,000","266,000","287,000","306,000","77,000","-59,000","-41,000",,,,,,,,,,,,,,,,,"491,000","112,000",,,"-3,000","-230,000",,,,,,,,,,,,,,,,,,,,,,,,,,,,,,,,,,,,,,,,,,,
OtherIncomeExpense,"-39,774,000","-492,000","-16,164,000","-22,813,000","-315,000","-879,000","-4,675,000","-10,795,000",,"798,000","-889,000","-4,421,000","-4,818,000","-7,912,000","-3,182,000","1,865,000","3,071,000","-2,588,000","-2,841,000","-5,430,000","-1,913,000","-2,775,000","3,849,000","-849,000","15,000","-35,000","-24,000","-2,000","-5,000","60,000","17,000","2,000","-5,000","-162,000","35,000","-587,000","17,000","-805,000","-66,000","-26,000","-28,000","-7,610,000","962,000","132,000","98,000","-450,000","-6,016,000","-167,000","-344,000","-38,378,000","1,449,000","154,000","150,000","-31,518,000","-694,000","-159,000","45,000",,,,,,,,,,,,,"-588,000","474,000",,,"9,000",,"566,000",
	GainOnSaleOfSecurity,"2,062,000","459,000","2,122,000","-249,000","-270,000",,,,,"1,021,000","-870,000","-4,505,000","-5,227,000","-7,828,000","-3,129,000","1,879,000","3,198,000","-1,897,000","-2,521,000","-4,581,000","-1,916,000","-2,673,000","3,781,000","-571,000","-3,000","-9,000","-8,000","-13,000","1,000","1,000","41,000","-1,000","-6,000","-29,000","9,000","-783,000","25,000","45,000","-18,000","-26,000","-7,000","1,353,000","-71,000","-31,000","48,000",,,,,,,,,,,,,,,,,,,,,,,,,,,,,,,,
	SpecialIncomeCharges,"-41,087,000","-800,000","-18,200,000","-22,087,000","-10,000","-784,000","-4,662,000","-10,757,000",,"0","0",,,"-406,000","-10,000","-15,000",,"-619,000","-284,000","-882,000",,"0","0","-293,000","0","-6,000","-8,000","0","-23,000","0","1,000","0","-8,000","-133,000","26,000","-407,000","-8,000","-811,000","-4,000",,"-21,000","-8,963,000","1,033,000","163,000","50,000","-450,000","-6,016,000","-167,000","-344,000","-38,378,000","1,449,000","154,000","150,000","-31,047,000","-694,000","-159,000","45,000",,,,,,,,,,,,,"-588,000","474,000",,,"9,000",,"566,000",
		RestructuringAndMergernAcquisition,"41,087,000","800,000","18,200,000","22,087,000","10,000","332,000","4,662,000","10,757,000",,,,,,,,,,,,,,,,,,,,,,"0","0","0",,"0","0","-603,000",,"39,000","44,000",,,,,,,,,,,,,,,,,,,,,,,,,,,,,,,,,,,,,,
		ImpairmentOfCapitalAssets,,,,,,,,,,,,,,,,,,,,,,,,,,,,,,"0",,,,"154,000",,,,,,,,"5,288,000","0",,"0","0","6,028,000",,,,,,,,,,,,,,,,,,,,,,,,,,,,,,
		OtherSpecialCharges,,,,,,"452,000",,"10,757,000",,,,,,"406,000","10,000","15,000",,"619,000","284,000","882,000",,"0",,"293,000",,,,,,"0","-1,000",,"10,000","-7,000","-27,000","399,000","3,000","-341,000","4,000",,,"3,675,000","-1,033,000",,"-50,000","450,000","-12,000",,,,,,,,,,,,,,,,,,,,,,,,,,,,,,
		GainOnSaleOfPPE,,,,,,,,,,,,,,,,,,,,,,"0","0",,"0","-6,000","-8,000","0","-23,000","0","0","0","2,000","14,000","-1,000","-8,000","-5,000",,,,,,,,,,,,,,,,,,,,,,,,,,,,,,,,,,,,,,,,
	OtherNonOperatingIncomeExpenses,"-749,000","-151,000","-86,000","-477,000","-35,000","-95,000","-13,000","-38,000",,"-223,000","-19,000","84,000","409,000","322,000","-43,000","1,000","-127,000","-1,321,000","-36,000","33,000","3,000","-102,000","68,000","15,000","18,000","-20,000","-8,000","11,000","17,000","59,000","-25,000","3,000","9,000","0",,"603,000",,"-39,000","-44,000",,,,,,,,,,,,,,,,,,,,,,,,,,,,,,,,,,,,,,
PretaxIncome,"43,972,000","23,745,000","10,780,000","-8,236,000","17,683,000","14,931,000","15,576,000","1,034,000","10,316,000","3,646,000","3,302,000","-1,265,000","-1,778,000","-6,450,000","-920,000","2,045,000","1,492,000","-5,279,000","-3,883,000","-7,342,000","-4,144,000","-7,228,000","-2,286,000","-7,778,000","-7,116,000","-5,860,000","-5,760,000","-8,551,000","-7,647,000","-9,075,000","-5,369,000","-4,774,000","-4,682,000","-1,424,000","-4,157,000","-6,132,000","-5,762,000","-3,395,000","-4,181,000","-3,755,000","-2,739,000","-22,081,000","-6,846,000","-931,000","-740,000","-1,207,000","-8,446,000","-2,189,000","-2,342,000","-43,265,000","859,000","-821,000","-656,000","-33,110,000","-2,223,000","-2,967,000","-3,264,000",,,,,,,,,,,,,,,,,"-17,000","-238,000",,
TaxProvision,"8,403,000","3,604,000","3,718,000","-2,349,000","3,430,000","-15,125,000","1,061,000","661,000","376,000","-10,381,000","41,000","72,000","-107,000","312,000","216,000","-23,000","-36,000","-14,000","-84,000","-884,000","31,000","-303,000","300,000","-437,000","296,000","-32,000","3,000","-229,000","472,000","278,000","115,000","427,000","-72,000","-306,000","19,000","90,000","-76,000","24,000","33,000","20,000","14,000","46,000","32,000","0","31,000","46,000","45,000","64,000","68,000","-655,000","274,000","380,000","305,000","-608,000","350,000","74,000","73,000",,,,,,,,,,,,,,,,,,,,
NetIncomeCommonStockholders,"35,546,000","20,100,000","7,014,000","-5,852,000","14,284,000","30,056,000","14,515,000","373,000","9,940,000","13,818,000","3,326,000","-1,425,000","-1,819,000","-6,858,000","-1,348,000","1,712,000","484,000","-38,425,000","-3,799,000","-6,458,000","-4,175,000","-6,925,000","-2,586,000","-7,341,000","-7,412,000","-5,828,000","-5,763,000","-8,322,000","-8,119,000","-9,353,000","-5,484,000","-5,201,000","-4,610,000","-2,620,000","-4,176,000","-6,222,000","-5,686,000","-3,419,000","-4,214,000","-3,775,000","-2,753,000","-22,127,000","-6,878,000","-931,000","-771,000","-1,253,000","-8,491,000","-2,253,000","2,614,000","-40,906,000","585,000","-1,201,000","-961,000","-32,668,000","-2,554,000","-3,041,000","-3,337,000","-1,187,193","-454,685","-290,815","-264,138","-328,717","-222,357","-29,245","-15,667","-86,784","-47,831","-12,581","-23,862","-687,000","345,000","17,000","-179,000","149,000","-238,000","632,000","-415,000"
	NetIncome,"35,546,000","20,100,000","7,014,000","-5,852,000","14,284,000","30,056,000","14,515,000","373,000","9,940,000","13,818,000","3,326,000","-1,425,000","-1,819,000","-6,858,000","-1,348,000","1,712,000","484,000","-38,425,000","-3,799,000","-6,458,000","-4,175,000","-6,925,000","-2,586,000","-7,341,000","-7,412,000","-5,828,000","-5,763,000","-8,322,000","-8,119,000","-9,353,000","-5,484,000","-5,201,000","-4,610,000","-2,620,000","-4,176,000","-6,222,000","-5,686,000","-3,419,000","-4,214,000","-3,775,000","-2,753,000","-22,127,000","-6,878,000","-931,000","-771,000","-1,253,000","-8,491,000","-2,253,000","2,614,000","-40,906,000","585,000","-1,201,000","-961,000","-32,668,000","-2,554,000","-3,041,000","-3,337,000","-1,187,193","-454,685","-290,815","-264,138","-286,217","-222,357","-29,245","-15,667","-86,784","-47,831","-12,581","-23,862","-687,000","345,000","17,000","-179,000","149,000","-238,000","632,000","-415,000"
		NetIncomeIncludingNoncontrollingInterests,"35,569,000","20,141,000","7,062,000","-5,887,000","14,253,000","30,056,000","14,515,000","373,000","9,940,000","13,818,000","3,326,000","-1,425,000","-1,819,000","-6,858,000","-1,348,000","1,712,000","484,000","-38,425,000","-3,799,000","-6,458,000","-4,175,000","-6,925,000","-2,586,000","-7,341,000","-7,412,000","-5,828,000","-5,763,000","-8,322,000","-8,119,000","-9,353,000","-5,484,000","-5,201,000","-4,610,000","-2,620,000","-4,176,000","-6,222,000","-5,686,000","-3,419,000","-4,214,000","-3,775,000","-2,753,000","-22,127,000","-6,878,000","-931,000","-771,000","-1,253,000","-8,491,000","-2,253,000","2,614,000","-40,906,000","585,000","-1,201,000","-961,000","-32,649,000","-2,573,000","-3,041,000","-3,337,000","-1,187,193","-454,685","-290,815","-264,138","-286,217","-222,357","-29,245","-15,667","-86,784","-47,831","-12,581","-23,862","-687,000","345,000","17,000","-179,000","149,000","-238,000","632,000","-415,000"
			NetIncomeContinuousOperations,"35,569,000","20,141,000","7,062,000","-5,887,000","14,253,000","30,056,000","14,515,000","373,000","9,940,000","14,027,000","3,261,000","-1,337,000","-1,671,000","-6,762,000","-1,136,000","2,068,000","1,528,000","-5,265,000","-3,799,000","-6,458,000","-4,175,000","-6,925,000","-2,586,000","-7,341,000","-7,412,000","-5,828,000","-5,763,000","-8,322,000","-8,119,000","-9,353,000","-5,484,000","-5,201,000","-4,610,000","-1,118,000","-4,176,000","-6,222,000","-5,686,000","-3,419,000","-4,214,000","-3,775,000","-2,753,000","-22,127,000","-6,878,000","-931,000","-771,000","-1,253,000","-8,491,000","-2,253,000","-2,410,000","-42,610,000","585,000","-1,201,000","-961,000","-32,502,000","-2,573,000","-3,041,000","-3,337,000","-1,187,193","-454,685","-290,815","-264,138","-286,217","-222,357","-29,245","-15,667","-86,784","-47,831","-12,581","-23,862","-687,000","345,000","17,000","-179,000","-17,000","-238,000","615,000","-392,000"
			NetIncomeDiscontinuousOperations,"0",,,,,"0","0","0","0","-209,000","65,000","-88,000","-148,000","-96,000","-212,000","-356,000","-1,044,000","-34,213,000",,,,,,,,,,,,"0","0","0","0","773,000",,,,,,,,"0","0","0","0","0","0","0","5,024,000",,,,,,,,,,,,,,,,,,,,,,,,,"166,000",,"17,000","-23,000"
		MinorityInterests,"-23,000","-41,000","-48,000","35,000","31,000",,,,,,,,,,,,,,,,,,,,,,,,,,,,,,,,,,,,,,,,,,,,,,"0",,,,"19,000",,,,,,,,,,,,,,,,,,,,,,
DilutedNIAvailtoComStockholders,"35,546,000","20,100,000","7,014,000","-5,852,000","14,284,000","30,056,000","14,515,000","373,000","9,940,000","13,818,000","3,326,000","-1,425,000","-1,819,000","-6,858,000","-1,348,000","1,712,000","484,000","-38,425,000","-3,799,000","-6,458,000","-4,175,000","-6,925,000","-2,586,000","-7,341,000","-7,412,000","-5,828,000","-5,763,000","-8,322,000","-8,119,000","-9,353,000","-5,484,000","-5,201,000","-4,610,000","-2,620,000","-4,176,000","-6,222,000","-5,686,000","-3,419,000","-4,214,000","-3,775,000","-2,753,000","-22,127,000","-6,878,000","-931,000","-771,000","-1,253,000","-8,491,000","-2,253,000","2,614,000","-40,906,000","585,000","-1,201,000","-961,000","-32,668,000","-2,554,000","-3,041,000","-3,337,000","-1,187,193","-454,685","-290,815","-264,138","-328,717","-222,357","-29,245","-15,667","-86,784","-47,831","-12,581","-23,862","-687,000","345,000","17,000","-179,000","149,000","-238,000","632,000","-415,000"
BasicEPS,,"0.21","0.07","-0.06","0.16","0.34","0.16","0.004","0.11","0.16","0.04","-0.02","-0.02","-0.09","-0.01","0.02","0.01","-0.51","-0.05","-0.1","-0.06","-0.1","-0.04","-0.11","-0.11","-0.09","-0.09","-0.14","-0.14","-0.22","-0.15","-0.14","-0.12","-0.07","-0.133","-0.199","-0.278",,"-0.241","-0.2","-0.15",,"-0.8","-0.1","-0.1",,"-1.15","-0.3","0.35",,"0.05","-0.15","-0.1",,"-0.35","-0.45","-0.5",,"-0.1","-0.1","-0.1",,"-0.1","-0.015","-0.008",,"-0.02","-0.006","-0.02",,"0.08","0.004","-0.06",,"-0.16","0.4","-0.28"
DilutedEPS,,"0.19","0.07","-0.06","0.14","0.31","0.15","0.004","0.11","0.15","0.04","-0.02","-0.02","-0.09","-0.01","0.02","0.01","-0.51","-0.05","-0.1","-0.06","-0.1","-0.04","-0.11","-0.11","-0.09","-0.09","-0.14","-0.14","-0.22","-0.15","-0.14","-0.12","-0.07","-0.133","-0.199","-0.278",,"-0.241","-0.2","-0.15",,"-0.8","-0.1","-0.1",,"-1.15","-0.3","0.3",,"0.05","-0.15","-0.1",,"-0.35","-0.45","-0.5",,"-0.1","-0.1","-0.1",,"-0.1","-0.015","-0.008",,"-0.02","-0.006","-0.02",,"0.02","0.004","-0.06",,"-0.16","0.4","-0.28"
BasicAverageShares,,"96,965,000","96,548,000","96,157,000","91,585,000","89,665,000","89,003,000","88,035,000","87,386,000","86,784,000","85,876,000","83,909,000","81,814,000","79,404,000","77,645,000","77,193,000","76,204,000","75,160,000","72,148,000","66,846,000","66,599,000","66,595,000","66,634,000","66,457,000","66,286,000","66,278,000","65,979,000","57,274,000","57,388,000","43,219,000","37,799,000","37,504,000","37,424,000","37,388,429","31,368,217","31,272,447","20,468,368",,"17,486,608","17,447,000","16,900,800",,"8,393,200","8,354,200","8,335,800",,"7,234,800","7,191,400","7,875,000",,"7,970,000","7,972,600","7,961,600",,"7,473,200","6,484,600","6,466,000",,"4,096,000","3,346,000","3,346,000",,"2,109,565","2,000,000","2,000,000",,"2,000,000","2,000,000","2,000,000",,"4,233,730","4,233,735","3,247,992",,"1,578,708","1,578,708","1,564,219"
DilutedAverageShares,,"104,151,000","103,287,000","96,157,000","98,822,000","97,582,000","96,976,000","96,057,000","93,108,000","91,875,000","92,472,000","83,909,000","81,814,000","79,404,000","77,645,000","78,780,000","79,598,000","75,160,000","72,148,000","66,846,000","66,599,000","66,595,000","66,634,000","66,457,000","66,286,000","66,278,000","65,979,000","57,274,000","57,388,000","43,219,000","37,799,000","37,504,000","37,424,000","37,388,429","31,368,217","31,272,447","20,468,368",,"17,486,608","17,447,000","16,900,800",,"8,393,200","8,354,200","8,335,800",,"7,234,800","7,191,400","8,084,800",,"7,970,000","7,972,600","7,961,600",,"7,473,200","6,484,600","6,466,000",,"4,096,000","3,346,000","3,346,000",,"2,109,565","2,000,000","2,000,000",,"2,000,000","2,000,000","2,000,000",,"13,108,062","4,233,735","3,247,992",,"1,578,708","1,578,708","1,564,219"
TotalOperatingIncomeAsReported,"92,241,000","27,425,000","29,139,000","16,532,000","19,145,000","15,954,000","20,517,000","12,116,000","10,622,000","2,925,000","4,132,000","3,115,000","3,040,000","1,934,000","2,456,000","315,000","-1,260,000","-2,439,000","-596,000","-1,250,000","-1,524,000","-3,854,000","-5,410,000","-6,307,000","-6,449,000","-5,376,000","-5,265,000","-8,144,000","-7,151,000","-9,023,000","-5,391,000","-4,645,000","-4,680,000","-3,291,000","-4,188,000","-3,892,000","-4,153,000","-3,316,000","-3,579,000","-3,235,000","-2,252,000","-9,700,000","-6,115,000","-686,000","-471,000","-393,000","-8,100,000","-1,660,000","-1,319,000","-42,065,000","106,000","-380,000","-140,000","-32,491,000","-1,085,000","-2,384,000","-2,901,000","-1,278,023","-544,123","-367,006","-264,138","-286,217","-222,357","-29,245","-15,667","-86,784","-47,831","-12,581","-23,862","-509,000","483,000","160,000","-8,000","148,000","-73,000","217,000","-229,000"
TotalExpenses,"655,355,000","-178,136,000","346,348,000","293,673,000","193,460,000","79,128,000","68,075,000","58,777,000","48,390,000","36,426,000","31,884,000","29,680,000","27,513,000","25,258,000","27,955,000","23,539,000","23,372,000","-14,852,000","38,627,000","29,141,000","27,644,000","26,251,000","27,695,000","29,139,000","30,488,000","28,408,000","29,354,000","28,878,000","25,837,000","19,252,000","12,397,000","10,107,000","10,234,000","8,420,000","11,221,000","10,888,000","9,245,000","3,970,000","5,628,000","4,147,000","3,542,000","5,854,000","8,072,000","2,624,000","2,364,000","2,596,000","4,120,000","3,737,000","4,177,000","-12,203,000","9,545,000","10,521,000","10,223,000","10,609,000","12,090,000","7,387,000","8,248,000","1,278,023","544,123","367,006","264,138","286,217","222,357","29,245","15,667","86,784","47,831","12,581","23,862","795,000","507,000","893,000","841,000","798,000","896,000","996,000","1,260,000"
NetIncomeFromContinuingAndDiscontinuedOperation,"35,546,000","20,100,000","7,014,000","-5,852,000","14,284,000","30,056,000","14,515,000","373,000","9,940,000","13,818,000","3,326,000","-1,425,000","-1,819,000","-6,858,000","-1,348,000","1,712,000","484,000","-38,425,000","-3,799,000","-6,458,000","-4,175,000","-6,925,000","-2,586,000","-7,341,000","-7,412,000","-5,828,000","-5,763,000","-8,322,000","-8,119,000","-9,353,000","-5,484,000","-5,201,000","-4,610,000","-2,620,000","-4,176,000","-6,222,000","-5,686,000","-3,419,000","-4,214,000","-3,775,000","-2,753,000","-22,127,000","-6,878,000","-931,000","-771,000","-1,253,000","-8,491,000","-2,253,000","2,614,000","-40,906,000","585,000","-1,201,000","-961,000","-32,668,000","-2,554,000","-3,041,000","-3,337,000","-1,187,193","-454,685","-290,815","-264,138","-286,217","-222,357","-29,245","-15,667","-86,784","-47,831","-12,581","-23,862","-687,000","345,000","17,000","-179,000","149,000","-238,000","632,000","-415,000"
NormalizedIncome,"67,113,366.165","20,389,243.251","17,545,090","10,118,240","14,509,680","30,628,320","18,859,984","8,225,610","9,940,000","13,281,670","4,120,560","2,911,215","3,242,380","-751,180","1,155,470","707,280","-806,540","-2,755,672.476","-1,054,679.887","-1,652,762.463","-3,025,400","-4,364,052.988","-4,854,600","-6,525,543.07","-7,410,200","-5,813,081.911","-5,753,400","-8,309,348.146","-8,105,800","-9,353,600","-5,511,300","-5,200,350","-4,596,215.293","-990,811.798","-4,198,750","-5,448,500","-5,702,775.772","-2,921,100","-4,199,700","-3,758,100","-2,734,800","-17,180,500","-7,503,300","-1,063,000","-834,700","-960,500","-4,580,600","-2,144,450","-2,186,400","-4,813,014.446","-401,804.424","-1,301,100","-1,058,500","-1,581,766.053","-2,102,900","-2,937,650","-3,366,250","-1,187,193","-454,685","-290,815","-264,138","-286,217","-222,357","-29,245","-15,667","-86,784","-47,831","-12,581","-23,862","-334,200","60,600","17,000","-179,000","-26,000","-238,000","275,400","-392,000"
InterestIncome,,,,,,,,,,"-77,000",,,,,,,,,,,,,,,,,,,"-491,000",,"5,000",,"3,000",,,,,,,,,,,,"0","0","0","1,000","1,000","1,000","1,000","3,000","3,000","0","21,000",,,,,,,,,,,,,,,,,,,,,,
InterestExpense,"8,495,000","3,188,000",,,,,,,,,,,"0","472,000","194,000","135,000","319,000","252,000","446,000","662,000","707,000","599,000","725,000","622,000","682,000","449,000","471,000","405,000","491,000","112,000",,"131,000","3,000","-1,875,000","4,000","1,653,000","1,626,000","393,000","536,000","494,000","459,000","10,059,000","1,693,000","377,000","367,000","364,000","358,000","361,000","680,000","845,000","811,000","737,000","669,000","885,000","465,000",,,,,,,,,,,,,,,,,,,,,,
NetInterestIncome,"-8,495,000","-3,188,000","-2,195,000","-1,955,000","-1,157,000","-144,000","-266,000","-287,000","-306,000","-77,000","59,000","41,000","0","-472,000","-194,000","-135,000","-319,000","-252,000","-446,000","-662,000","-707,000","-599,000","-725,000","-622,000","-682,000","-449,000","-471,000","-405,000","-491,000","-112,000","5,000","-131,000","3,000","1,875,000","-4,000","-1,653,000","-1,626,000","-393,000","-536,000","-494,000","-459,000","-10,059,000","-1,693,000","-377,000","-367,000","-364,000","-358,000","-360,000","-679,000","-844,000","-810,000","-734,000","-666,000","-885,000","-444,000",,,,,,,,,,,,,,,,,,,,,,
EBIT,"92,241,000","27,425,000","29,139,000","16,532,000","19,155,000","15,954,000","20,517,000","12,116,000","10,622,000","2,925,000","4,132,000","3,115,000","-1,778,000","-5,978,000","-726,000","2,180,000","1,811,000","-5,027,000","-3,437,000","-6,680,000","-3,437,000","-6,629,000","-1,561,000","-7,156,000","-6,434,000","-5,411,000","-5,289,000","-8,146,000","-7,156,000","-8,963,000","-5,391,000","-4,643,000","-4,680,000","-3,299,000","-4,153,000","-4,479,000","-4,136,000","-3,002,000","-3,645,000","-3,261,000","-2,280,000","-12,022,000","-5,153,000","-554,000","-373,000","-843,000","-8,088,000","-1,828,000","-1,662,000","-42,420,000","1,670,000","-84,000","13,000","-32,225,000","-1,758,000","-2,384,000","-2,901,000","-1,278,023","-544,123","-367,006","-264,138","-286,217","-222,357","-29,245","-15,667","-86,784","-47,831","-12,581","-23,862","79,000","483,000","160,000","-8,000","148,000","-73,000","217,000","-229,000"
EBITDA,"149,693,000"
ReconciledCostOfRevenue,"400,486,000","-230,225,000","272,847,000","216,983,000","140,881,000","56,060,000","50,893,000","41,194,000","32,860,000","24,023,000","21,976,000","20,490,000","18,553,000","16,238,000","19,733,000","16,310,000","15,723,000","-18,706,000","28,370,000","20,528,000","19,504,000","18,490,000","18,917,000","19,679,000","21,104,000","19,380,000","20,273,000","20,657,000","16,412,000","9,297,000","5,023,000","3,661,000","4,140,000","3,842,000","4,979,000","4,469,000","3,268,000","636,000","927,000","376,000","672,000","719,000","667,000","638,000","421,000","104,000","1,305,000","884,000","332,000","-5,595,000","2,679,000","2,755,000","2,607,000","2,797,000","3,693,000","1,699,000","2,072,000",,,,,,,,,,,,,"67,000","179,000","164,000","173,000","406,000","131,000","246,000","172,000"
ReconciledDepreciation,"57,452,000","16,506,000","15,965,000","16,328,000","8,653,000","2,052,000","1,821,000","1,689,000","1,552,000","858,000","540,000","482,000","462,000","621,000","709,000","707,000","729,000","-47,000","899,000","920,000","888,000","1,845,000","2,126,000","2,105,000","2,094,000","2,368,000","1,756,000","4,609,000","2,241,000","940,000","431,000","368,000","369,000","272,000","547,000","544,000","493,000","409,000","40,000","110,000","87,000","97,000","123,000","80,000","129,000","100,000","-29,000","220,000","347,000","339,000","420,000","428,000","425,000","458,000","418,000","325,000","317,000",,,,,,,,,,,,,"66,000","65,000","130,000","145,000","321,000","172,000","166,000","412,000"
NetIncomeFromContinuingOperationNetMinorityInterest,"35,546,000","20,100,000","7,014,000","-5,852,000","14,284,000","30,056,000","14,515,000","373,000","9,940,000","14,027,000","3,261,000","-1,337,000","-1,671,000","-6,762,000","-1,136,000","2,068,000","1,528,000","-5,265,000","-3,799,000","-6,458,000","-4,175,000","-6,925,000","-2,586,000","-7,341,000","-7,412,000","-5,828,000","-5,763,000","-8,322,000","-8,119,000","-9,353,000","-5,484,000","-5,201,000","-4,610,000","-1,118,000","-4,176,000","-6,222,000","-5,686,000","-3,419,000","-4,214,000","-3,775,000","-2,753,000","-22,127,000","-6,878,000","-931,000","-771,000","-1,253,000","-8,491,000","-2,253,000","-2,410,000","-42,610,000","585,000","-1,201,000","-961,000","-32,521,000","-2,554,000","-3,041,000","-3,337,000","-1,187,193","-454,685","-290,815","-264,138","-286,217","-222,357","-29,245","-15,667","-86,784","-47,831","-12,581","-23,862","-687,000","345,000","17,000","-179,000","-17,000","-238,000","615,000","-392,000"
TotalUnusualItemsExcludingGoodwill,"-39,025,000","-341,000","-16,078,000","-22,336,000","-280,000","-784,000","-4,662,000","-10,757,000",,"1,021,000","-870,000","-4,505,000","-5,227,000","-8,234,000","-3,139,000","1,864,000","3,198,000","-2,516,000","-2,805,000","-5,463,000","-1,916,000","-2,673,000","3,781,000","-864,000","-3,000","-15,000","-16,000","-13,000","-22,000","1,000","42,000","-1,000","-14,000","-162,000","35,000","-1,190,000","17,000","-766,000","-22,000","-26,000","-28,000","-7,610,000","962,000","132,000","98,000","-450,000","-6,016,000","-167,000","-344,000","-38,378,000","1,449,000","154,000","150,000","-31,518,000","-694,000","-159,000","45,000",,,,,,,,,,,,,"-588,000","474,000",,,"9,000",,"566,000",
TotalUnusualItems,"-39,025,000","-341,000","-16,078,000","-22,336,000","-280,000","-784,000","-4,662,000","-10,757,000",,"1,021,000","-870,000","-4,505,000","-5,227,000","-8,234,000","-3,139,000","1,864,000","3,198,000","-2,516,000","-2,805,000","-5,463,000","-1,916,000","-2,673,000","3,781,000","-864,000","-3,000","-15,000","-16,000","-13,000","-22,000","1,000","42,000","-1,000","-14,000","-162,000","35,000","-1,190,000","17,000","-766,000","-22,000","-26,000","-28,000","-7,610,000","962,000","132,000","98,000","-450,000","-6,016,000","-167,000","-344,000","-38,378,000","1,449,000","154,000","150,000","-31,518,000","-694,000","-159,000","45,000",,,,,,,,,,,,,"-588,000","474,000",,,"9,000",,"566,000",
NormalizedEBITDA,"188,718,000","44,272,000","61,182,000","55,196,000","28,088,000","18,790,000","27,000,000","24,562,000","12,174,000","2,762,000","5,542,000","8,102,000","3,911,000","2,877,000","3,122,000","1,023,000","-658,000","-2,511,000","267,000","-297,000","-633,000","-2,111,000","-3,216,000","-4,187,000","-4,337,000","-3,028,000","-3,517,000","-3,524,000","-4,893,000","-8,024,000","-5,002,000","-4,274,000","-4,297,000","-2,865,000","-3,641,000","-2,745,000","-3,660,000","-1,827,000","-3,583,000","-3,125,000","-2,165,000","-4,315,000","-5,992,000","-606,000","-342,000","-293,000","-2,054,000","-1,441,000","-971,000","-3,703,000","641,000","190,000","288,000","-249,000","-646,000","-1,900,000","-2,629,000","-1,278,023","-544,123","-367,006","-264,138","-286,217","-222,357","-29,245","-15,667","-86,784","-47,831","-12,581","-23,862","743,000","74,000","290,000","137,000","481,000","99,000","-183,000","183,000"
TaxRateForCalcs,"0.191","0.152","0.345","0.285","0.194","0.27","0.068","0.27","0.036","0.27","0.012","0.057","0.06","0.27","0.27","0.27","0.27","0.003","0.022","0.12","0.4","0.042","0.4","0.056","0.4","0.005","0.4","0.027","0.4","0.4","0.35","0.35","0.015","0.215","0.35","0.35","0.013","0.35","0.35","0.35","0.35","0.35","0.35","0","0.35","0.35","0.35","0.35","0.35","0.015","0.319","0.35","0.35","0.018","0.35","0.35","0.35","0.35","0.35","0.35","0.35","0.4","0.4","0.4","0.4","0.4","0.4","0.4","0.4","0.4","0.4","0.4","0.4","0","0","0.4","0.4"
TaxEffectOfUnusualItems,"-7,457,633.835","-51,756.749","-5,546,910","-6,365,760","-54,320","-211,680","-317,016","-2,904,390","0","275,670","-10,440","-256,785","-313,620","-2,223,180","-847,530","503,280","863,460","-6,672.476","-60,679.887","-657,762.463","-766,400","-112,052.988","1,512,400","-48,543.07","-1,200","-81.911","-6,400","-348.146","-8,800","400","14,700","-350","-215.293","-34,811.798","12,250","-416,500","224.228","-268,100","-7,700","-9,100","-9,800","-2,663,500","336,700","0","34,300","-157,500","-2,105,600","-58,450","-120,400","-581,014.446","462,195.576","53,900","52,500","-578,766.053","-242,900","-55,650","15,750","0","0","0","0","0","0","0","0","0","0","0","0","-235,200","189,600","0","0","0","0","226,400","0"