name,ttm,03/31/2022,12/31/2021,09/30/2021,06/30/2021,03/31/2021,12/31/2020,09/30/2020,06/30/2020,03/31/2020,12/31/2019,09/30/2019,06/30/2019,03/31/2019,12/31/2018,09/30/2018,06/30/2018,03/31/2018,12/31/2017,09/30/2017,06/30/2017,03/31/2017,12/31/2016,09/30/2016,06/30/2016,03/31/2016,12/31/2015,09/30/2015,06/30/2015,03/31/2015,12/31/2014,09/30/2014,06/30/2014,03/31/2014,12/31/2013,09/30/2013,06/30/2013,03/31/2013,12/31/2012,09/30/2012,06/30/2012,03/31/2012,12/31/2011,09/30/2011,06/30/2011,03/31/2011,12/31/2010,09/30/2010,06/30/2010,03/31/2010,12/31/2009,09/30/2009,06/30/2009,03/31/2009,12/31/2008,09/30/2008,06/30/2008,03/31/2008,12/31/2007,09/30/2007,06/30/2007,03/31/2007,12/31/2006,09/30/2006,06/30/2006,03/31/2006,12/31/2005,09/30/2005,06/30/2005,03/31/2005,12/31/2004,09/30/2004,06/30/2004,03/31/2004,12/31/2003,09/30/2003,06/30/2003,03/31/2003,12/31/2002,09/30/2002,06/30/2002,03/31/2002,12/31/2001,09/30/2001,06/30/2001,03/31/2001,12/31/2000,09/30/2000,06/30/2000,03/31/2000,12/31/1999
TotalRevenue,"263,418,000","151,805,000","27,439,000","38,283,000","45,891,000","32,811,000","21,303,000","7,632,855","27,375,778","23,528,853","29,454,579","43,292,770","42,696,636","48,148,275","34,657,896","11,255,000","727,375","650,125","3,509,821","8,713,786","9,342,498","8,985,930","4,365,496","31,250","39,583","43,750","43,750","43,750","123,750","43,750","170,750","43,750","43,750","43,750","43,750","43,750","43,750","43,750","159,016","43,750","47,917","31,250","23,958","0","0","296,139","4,994,969","180,694","133,990","157,346","148,068","202,583","2,633,191","235,650","701,723","-59,798","235,372","729,766","402,861","578,028","622,599",,"11,092","39,229","246,229","57,500","252,500","210,275","173,304","77,614","129,490","159,106","37,200",,,,"207","875","1,569","89","270","555","1,352","720","3,297","95","5,200","8,436","4,827","6,600","5,015"
	OperatingRevenue,"263,418,000","151,805,000","27,439,000","38,283,000","45,891,000","32,811,000","21,303,000","7,632,855","27,375,778","23,528,853","29,454,579","43,292,770","42,696,636","48,148,275","34,657,896","11,255,000","727,375","650,125","3,509,821","8,713,786","9,342,498","8,985,930","4,365,496","31,250","39,583","43,750","43,750","43,750","123,750","43,750","170,750","43,750","43,750","43,750","43,750","43,750","43,750","43,750","159,016","43,750","47,917","31,250","23,958","0","0","296,139","4,994,969","180,694","133,990","157,346","148,068","202,583","2,633,191","235,650","701,723","-59,798","235,372","729,766","402,861","578,028","622,599",,"11,092","39,229","246,229","57,500","252,500","210,275","173,304","77,614","129,490","159,106","37,200",,,,"207","875","1,569","89","270","555","1,352","720","3,297","95","5,200","8,436","4,827","6,600","5,015"
CostOfRevenue,,,,,,,,,,,,,,,,,,,,,,,,,,,,,,,,,,,,,,,,"0","0","0","0","0","0","0","0","0","0","0","0","0","0","0",,,"160,742","394,817","327,206","376,487","347,601",,,,,,,,,,,,,,,,"9","21","51","3","9","15","60","5,961","150","6","180","1,374","210","246","264"
GrossProfit,,,,,,,,,,,,,,,,,,,,,,,,,,,,,,,,,,,,,,,,"43,750","47,917","31,250","23,958","0","0","296,139","4,994,969","180,694","133,990","157,346","148,068","202,583","2,633,191","235,650",,,"74,630","334,949","75,655","201,541","274,998",,,,,,,,,,,,,,,,"198","854","1,518","86","261","540","1,292","-5,241","3,147","89","5,020","7,062","4,617","6,354","4,751"
OperatingExpense,"381,937,000","110,252,000","90,760,000","103,166,000","77,759,000","61,043,000","45,357,000","57,751,947","43,321,640","45,769,108","34,307,616","33,654,721","24,100,887","26,137,628","23,712,043","22,424,109","16,647,094","15,684,184","17,323,169","18,963,999","15,056,662","15,115,572","19,267,383","19,775,548","19,381,070","21,308,605","19,385,020","25,273,582","16,117,456","29,676,493","25,286,026","20,225,671","12,743,850","11,256,248","7,053,132","8,042,853","5,125,568","5,434,038","4,969,037","5,422,228","6,850,853","4,900,007","4,062,997","2,912,716","1,770,165","1,811,618","6,004,286","2,528,956","2,298,099","2,286,805","2,308,286","3,716,454","4,956,951","5,451,972","9,376,404","12,381,959","9,971,212","7,407,638","6,960,778","11,843,242","13,672,290","8,436,538","4,484,732","8,798,971","4,729,227","4,002,650","4,305,232","2,271,287","3,529,200","2,096,644","2,092,387","1,657,201","633,214","388,936","142,522","15,034","15,299","30,323","33,782","1,319,257","49,132","22,967","27,037","24,622","18,665","25,618","40,375","34,717","27,785","31,851","37,666"
	SellingGeneralAndAdministration,"114,599,000","33,863,000","24,592,000","38,287,000","17,857,000","16,190,000","8,648,000","14,267,054","10,748,506","16,325,773","10,785,000","10,268,416","4,809,177","5,333,000","6,135,000","6,430,229","4,594,441","3,681,830","7,750,093","9,529,068","6,987,986","6,951,103","8,554,721","13,122,830","9,139,675","10,483,867","8,251,838","12,137,062","7,885,998","7,443,354","7,251,675","9,161,285","6,075,596","5,644,023","3,516,713","2,974,822","2,914,955","2,860,254","2,942,774","2,930,598","5,208,203","3,117,368","2,850,475","965,713","1,344,095","1,610,508","2,415,922","2,195,215","1,991,389","1,856,854","1,951,592","2,620,810","2,337,523","3,818,118","5,363,570","6,652,502","6,519,187","5,613,610","5,192,098","5,325,316","5,004,898","3,863,375","3,134,883","3,157,858","3,647,895","2,866,469","2,582,839","845,123","2,126,184","1,606,127","1,415,304","1,298,492","400,979","308,026","81,772","11,659","15,299","30,323","33,782","44,664","49,132","22,967","27,037","24,622","18,665","25,618","40,375","34,717","27,785","31,851","37,666"
		GeneralAndAdministrativeExpense,"114,599,000","33,863,000","24,592,000","38,287,000","17,857,000","16,190,000","8,648,000","14,267,054","10,748,506","16,325,773","10,785,000","10,268,416","4,809,177","5,333,000","6,135,000","6,430,229","4,594,441","3,681,830","7,750,093","9,529,068","6,987,986","6,951,103","8,554,721","13,122,830","9,139,675","10,483,867","8,251,838","12,137,062","7,885,998","7,443,354","7,251,675","9,161,285","6,075,596","5,644,023","3,516,713","2,974,822","2,914,955","2,860,254","2,942,774","2,930,598","5,208,203","3,117,368","2,850,475","965,713","1,344,095","1,610,508","2,415,922","2,195,215","1,991,389","1,856,854","1,951,592","2,620,810","2,337,523","3,818,118",,,,,,,,,,,,,,,,,,,,,,,,,,,,,,,,,,,"16,266","19,651","23,952"
			SalariesAndWages,,"28,920,000","20,717,000",,"14,590,000","12,210,000","5,242,000",,,,"7,411,000",,,"3,299,000","4,166,000",,,,"6,078,908","8,021,383","5,134,317","5,328,230","6,700,547","11,227,664","6,864,047","6,665,532","6,300,229","9,818,097","6,056,605","5,746,731","5,165,473","7,133,122","4,493,131","4,296,346","2,602,929","2,083,237","2,015,322","2,080,284","2,025,098","1,826,466","2,070,835","2,186,454","1,572,571","-758,299","700,930","787,696","1,056,437","1,234,370","914,336","1,045,121","1,104,103","1,570,304","889,428","2,441,953",,,,,,,,,,,,,,,,,,,,,,,,,,,,,,,,,,,,,
			OtherGandA,"82,414,000","4,943,000","3,875,000","70,329,000","3,267,000","3,980,000","3,406,000","14,267,054","10,748,506","16,325,773","3,374,000","10,268,416","4,809,177","2,034,000","1,969,000","6,430,229","4,594,441","3,681,830","1,671,185","1,507,685","1,853,669","1,622,873","1,854,174","1,895,166","2,275,628","3,818,335","1,951,609","2,318,965","1,829,393","1,696,623","2,086,202","2,028,163","1,582,465","1,347,677","913,784","891,585","899,633","779,970","917,676","1,104,132","3,137,368","930,914","1,277,904","1,724,012","643,165","822,812","1,359,485","960,845","1,077,053","811,733","847,489","1,050,506","1,448,095","1,376,165",,,,,,,,,,,,,,,,,,,,,,,,,,,,,,,,,,,"16,266","19,651","23,952"
		SellingAndMarketingExpense,,,,,,,,,,,,,,,,,,,,,,,,,,,,,,,,,,,,,,,,,,,,,,,,,,,,,,,,,,,,,,,,,,,,,,,,,,,,,,,,,,,,,,,,,"11,519","12,200","13,714"
	ResearchAndDevelopment,"266,841,000","75,985,000","65,765,000","65,766,000","59,325,000","44,697,000","36,555,000","43,484,893","32,573,134","29,443,335","23,373,616","23,386,305","19,291,710","20,798,628","17,572,043","15,993,880","12,052,653","12,002,354","8,431,903","8,280,406","6,906,016","6,976,825","9,527,051","11,671,598","9,423,195","10,020,826","10,338,833","10,389,436","7,490,400","21,783,580","17,744,312","8,418,311","6,392,200","5,216,446","3,133,014","3,247,415","1,756,527","2,125,019","1,576,666","2,044,461","1,219,236","1,358,691","1,140,904","509,630","365,618","140,658","3,509,458","254,835","227,804","351,045","277,788","1,016,738","2,519,325","1,515,298","3,923,304","5,629,633","3,349,423","1,690,037","1,664,689","6,413,936","8,563,401","4,465,475","1,349,849","4,642,113","1,081,332","1,136,181","1,722,393","1,258,843","1,403,016","472,596","658,922","358,709","232,235","80,910","60,750",,,,,,,,,,,,,,,,
	DepreciationAmortizationDepletionIncomeStatement,,"404,000","403,000",,"577,000","156,000","154,000",,,,"149,000",,,"6,000","5,000",,,,"1,141,173","1,154,525","1,162,660","1,187,644","1,185,611","843,584","818,200","803,912","794,349","855,551","741,058","449,559","290,039","270,417","276,054","395,779","403,405","398,964","454,086","448,765","449,597","447,169","423,414","423,948","71,618","60,452","60,452","60,452","78,906","78,906","78,906","78,906","78,906","78,906","100,103","118,556","89,530","99,824","102,602","103,991","103,991","103,990","103,991","103,991",,"60,440","60,440","60,440","60,440","116,845","14,394","17,921","18,161",,,,,,,,,,,,,,,,,,,,
		DepreciationAndAmortizationInIncomeStatement,,"404,000","403,000",,"577,000","156,000","154,000",,,,"149,000",,,"6,000","5,000",,,,"1,141,173","1,154,525","1,162,660","1,187,644","1,185,611","843,584","818,200","803,912","794,349","855,551","741,058","449,559","290,039","270,417","276,054","395,779","403,405","398,964","454,086","448,765","449,597","447,169","423,414","423,948","71,618","60,452","60,452","60,452","78,906","78,906","78,906","78,906","78,906","78,906","100,103","118,556","89,530","99,824","102,602","103,991","103,991","103,990","103,991","103,991",,"60,440","60,440","60,440","60,440","116,845","14,394","17,921","18,161",,,,,,,,,,,,,,,,,,,,
			Amortization,,,,,,,,,,,,,,,,,,,,,,,,,,,,,,,,,,,,,,,,,,,"71,618","60,452","60,452","60,452","78,906","78,906","78,906","78,906","78,906","78,906","100,103","118,556","89,530","99,824","102,602","103,991","103,991","103,990","103,991","103,991",,"60,440","60,440","60,440","60,440","116,845","14,394","17,921","18,161",,,,,,,,,,,,,,,,,,,,
				AmortizationOfIntangiblesIncomeStatement,,,,,,,,,,,,,,,,,,,,,,,,,,,,,,,,,,,,,,,,,,,"71,618","60,452","60,452","60,452","78,906","78,906","78,906","78,906","78,906","78,906","100,103","118,556","89,530","99,824","102,602","103,991","103,991","103,990","103,991","103,991",,"60,440","60,440","60,440","60,440","116,845","14,394","17,921","18,161",,,,,,,,,,,,,,,,,,,,
	OtherOperatingExpenses,,,,,,,,,,,,,,,,,,,,,,,,,,,,,,,,,,,,,,,,,,,,,,,,,,,,,,,,,,,,,,"3,697",,"938,560","-60,440","-60,440","-60,440",,"-14,394",,,,,,,,,,,,,,,,,,,,,,
OperatingIncome,"-118,519,000","41,553,000","-63,321,000","-64,883,000","-31,868,000","-28,232,000","-24,054,000","-50,119,092","-15,945,862","-22,240,255","-4,853,037","9,638,049","18,595,749","22,010,647","10,945,853","-11,169,109","-15,919,719","-15,034,059","-13,813,348","-10,250,213","-5,714,164","-6,129,642","-14,901,887","-19,744,298","-19,341,487","-21,264,855","-19,341,270","-25,229,832","-15,993,706","-29,632,743","-25,115,276","-20,181,921","-12,700,100","-11,212,498","-7,009,382","-7,999,103","-5,081,818","-5,390,288","-4,810,021","-5,378,478","-6,802,936","-4,868,757","-4,039,039","-2,912,716","-1,770,165","-1,515,479","-1,009,317","-2,348,262","-2,164,109","-2,129,459","-2,160,218","-3,513,871","-2,323,760","-5,216,322","-8,674,681","-11,558,991","-9,896,582","-7,072,689","-6,885,123","-11,641,701","-13,397,292","-8,436,538","-4,473,640","-8,759,742","-4,482,998","-3,945,150","-4,052,732","-2,061,012","-3,355,896","-2,019,030","-1,962,897","-1,498,095","-596,014","-388,936","-142,522","-17,604","-15,101","-29,469","-32,264","-1,319,171","-48,871","-22,427","-25,745","-29,863","-15,518","-25,529","-35,355","-27,655","-23,168","-25,497","-32,915"
NetNonOperatingInterestIncomeExpense,"4,638,000","1,054,000","1,156,000","1,148,000","1,280,000","1,524,000","2,169,000","2,271,301","2,334,649","2,404,685","2,179,866","2,240,409","1,739,959","1,886,290","1,091,109","402,745","313,702","168,346","163,731","149,878","131,358","108,744","25,148","52,251","34,103","79,060","100,380","131,262","162,366","198,113","237,417","259,101","226,424","119,390","40,578","-29,507","-48,252","-27,567","7,416","8,640","14,436","5,015","7,875","15,715","20,531","35,037","3,338","1,653","-12,877","-14,777","-22,025","-20,518","-78,526","-65,382",,,,,,,,,,,,,,,,,,,,,,,,,,,,,,,,,,,,,
	InterestIncomeNonOperating,,,"1,156,000",,,,,,,,,,,,,,,,,,,,,,,,,,,,,,,,,,,,,,,,,,,,,,,,,,,,,,,,,,,,,,,,,,,,,,,,,,,,,,,,,,,,,,,,
	TotalOtherFinanceCost,"-4,638,000","-1,054,000",,"-1,148,000","-1,280,000","-1,524,000","-2,169,000","-2,271,301","-2,334,649","-2,404,685","-2,179,866","-2,240,409","-1,739,959","-1,886,290","-1,091,109","-402,745","-313,702","-168,346","-163,731","-149,878","-131,358","-108,744","-25,148","-52,251","-34,103","-79,060","-100,380","-131,262","-162,366","-198,113","-237,417","-259,101","-226,424","-119,390","-40,578","29,507","48,252","27,567","-7,416","-8,640","-14,436","-5,015","-7,875","-15,715","-20,531","-35,037","-3,338","-1,653","12,877","14,777","22,025","20,518","78,526","65,382",,,,,,,,,,,,,,,,,,,,,,,,,,,,,,,,,,,,,
OtherIncomeExpense,"2,079,000","1,759,000","-707,000","363,000","664,000","-110,000","1,153,000",,,,,,,,,"7,493",,"-18,598","450,739","-629,151","63,065","-21,659","2,790,631","-2,527,539","-113,359","369,935","-23,524","357,834","-104,713","750,637","2,302,577","-2,502,412","847,225","-2,889,592","-3,716,928","-5,776,450","-1,047,558","-1,521,828","21,896","-230,856","-1,451,238","-719,890","1,344,585","-49,575","-195,038","689,245","514,096","14,298","1,498,739","1,076","-48,419","74,361","-126,331","-7,575","630,618",,,,,,,"-3,697",,"-944,394","124,549","133,195","3,266","10,879","-6,685","2,295,864","74,811","-199,854","-96,556","410,317","-62,610",,"84","725",,"-100","2,939","49,246","514","5,778","18,288","8,483","27,715","91,827","407","634","986"
	GainOnSaleOfSecurity,,,,,,,,,,,,,,,,"0",,"-18,598","450,739","-629,151","63,065","-27,383","1,483,831","-534,074","-113,359","369,935","-23,524","422,864","-104,713","168,974","2,382,142","-321,324","758,469","-2,951,225","-3,519,579","-5,516,009","200,747","-29,403","44,275","0",,,"-58,091","-122,733","-498,406","359,920",,,,,,,,,,,,,,,,,,,,,,,,,,,,,,,,,,,,,,,,,,,,,
	EarningsFromEquityInterest,,,,,,,,,,,,,,,,,,,,,,,,,,,,"0","0","0","0","-9,524","78,702","-9,597","-138,456","-260,442","-159,530","-157,612","-63,557","-34,793","-34,573","-64,261","-106,527","-66,813","-70,366",,"0","-53,813","-66,489","-50,599","-48,639","651,910","-48,302","-60,032",,,,,,,,,,,,,,,,,,,,,,,,,,,,,,,,,,,,,
	SpecialIncomeCharges,,,,,,,,,,,,,,,,,,,,,,,,"-2,050,817","0","0","0","0","0","45,576","-26,381","-2,172,387","0","-5,316","-53,562","0","-1,347,996","-54,932","18,493","-196,063","-1,416,665","-655,629","1,509,203","139,971","373,734","329,325","514,096","68,111","1,565,228","51,675","220","-577,549","-78,029","52,457","630,618",,,,,,,"-3,697",,"-944,394","124,549","133,195","3,266","10,879","-6,685","2,295,864","74,811","-199,854","-96,556","410,317","-62,610",,"84","725",,"-100","2,939","49,246","514","5,778","18,288","8,483","27,715","91,827","407","634","986"
		RestructuringAndMergernAcquisition,,,,,,,,,,,,,,,,,,,,,,,,,,,,,,,,,,"0","0","0","0","0","0",,,,,,,,,,,,,,,,,,,,,,,,,,,,,,,,,,,,,,,,,,,,,,,,,,,,
		ImpairmentOfCapitalAssets,,,,,,,,,,,,,,,,,,,,,,,,,,,,,,,,"2,172,387","0","0","0","0","1,308,047",,,"187,000","1,455,775",,,,,,,,,,,,,,,,,,,,,,,,,,,,,,,,,,,,,,,,,,,,,,,,,,
		WriteOff,,,,,,,,,,,,,,,,,,,,,,,,,,,,,,,,,,"0","0","0","0","0","0",,,,,,,,,,,,,,,,,,,,,,,,,,,,,,,,,,,,,,,,,,,,,,,,,,,,
		OtherSpecialCharges,,,,,,,,,,,,,,,,,,,,,,,,,,,,,,,,,,,,,,,,"-160,553","-915,387","622,145","66,904",,,"-329,325","-514,096","-120,230","-1,552,228","-1,675","-220","525,747",,,,,,,,,,,,,,,,,,,,,,,,,,,,,,,,,,,,,,,
		GainOnSaleOfBusiness,,,,,,,,,,,,,,,,,,,,,,,,,,,,,,,,,,"0","0","0","0","0","0","0","0","0","1,576,107",,,"0","0",,,"0","0","0","0",,,,,,,,,,,,,,,,,,,,,,,,,,,,,,,,,,,,,,
		GainOnSaleOfPPE,,,,,,,,,,,,,,,,,,,,,,,,"0","0","0","0","0","0","45,576","-26,381","0","0","-5,316","-53,562","0","-39,949","-54,932","18,493","-169,616","-876,277","-33,484",,,,,,"-52,119","13,000","50,000","0","-51,802","-78,029","52,457",,,,,,,,,,,,,,,,,,,,,,,,,,,,,,,,,,,,,
	OtherNonOperatingIncomeExpenses,"2,079,000","1,759,000","-707,000","363,000","664,000","-110,000","1,153,000",,,,,,,,,,,,,"0",,"5,724","1,306,800",,,,,"-65,030",,"536,087","-53,184","823","10,054","76,546","-5,331","1","259,221","-1,279,881","22,685",,,,,,,,,,,,,,,,,,,,,,,,,,,,,,,,,,,,,,,,,,,,,,,,,,,,
PretaxIncome,"-111,802,000","44,366,000","-62,872,000","-63,372,000","-29,924,000","-26,818,000","-20,732,000","-48,430,315","-13,611,213","-19,835,570","-2,673,728","11,878,458","20,335,708","23,896,982","12,037,253","-10,758,871","-15,606,017","-14,884,311","-13,198,878","-10,729,486","-5,519,741","-6,042,557","-12,086,108","-22,219,586","-19,420,743","-20,815,860","-19,264,414","-24,740,736","-15,936,053","-28,683,993","-22,575,282","-22,425,232","-11,626,451","-13,982,700","-10,685,732","-13,805,060","-6,177,628","-6,939,683","-4,780,709","-5,600,694","-8,239,738","-5,583,632","-2,686,579","-2,946,576","-1,944,672","-1,087,336","-491,883",,,,,,,,,,,,,,,,,,,,,,,,,,,,"-205,132","108,933","-53,510","-104,763","-45,098","-84,721","-88,083","-10,153","-63,250","-60,946","-32,648","-51,389","-5,483","34,803","-57,551","-54,092",
TaxProvision,"2,000","0","0","2,000","0","0","0","2,400","0","0","0","173,553","0","0","0","2,400","0","0","0","2,400","0","0","0","2,400","0","0","0","2,400","0","0","0","5,300","0","0","0","0","0","0","0","0","0","0","0","0","0","0","742,500",,,,,,,,,,,,,,,,,,,,,,,,,,,,"800",,,,,,,,,,,,,,"0","0",
NetIncomeCommonStockholders,"-111,804,000","44,366,000","-62,872,000","-63,374,000","-29,924,000","-26,818,000","-20,732,000","-48,432,715","-13,611,213","-19,835,570","-2,673,728","11,704,905","20,335,708","23,896,982","12,037,253","-10,761,271","-15,606,017","-14,884,311","-13,198,878","-10,731,886","-5,519,741","-6,042,557","-12,086,108","-22,221,986","-19,420,743","-20,815,860","-19,264,414","-24,743,136","-15,936,053","-28,683,993","-22,575,282","-22,430,442","-11,628,919","-13,942,521","-10,628,312","-13,692,184","-6,079,010","-6,757,937","-4,614,159","-5,313,681","-7,991,510","-5,335,233","-2,485,505","-2,776,523","-1,819,917","2,905,237","-1,437,682","-2,004,106","-371,055","-1,853,960","-1,544,927","-3,460,028","-2,528,617","-5,289,279","-8,030,468","-8,658,279","-7,502,162","-5,694,815","-5,233,774","-7,572,590","-12,477,548","-6,173,809","-3,707,170","-8,779,523","-3,974,148","-3,106,586","-3,136,953","-2,694,801","-3,036,325","642,761","-1,536,459","-1,476,938","-638,189","30,049","-205,932","108,133","-53,510","-104,763","-45,098","-84,721","-88,083","-10,153","-63,250","-60,946","-32,648","-51,389","-40,838","34,803","-57,551","-54,092","-60,712"
	NetIncome,"-111,804,000","44,366,000","-62,872,000","-63,374,000","-29,924,000","-26,818,000","-20,732,000","-48,432,715","-13,611,213","-19,835,570","-2,673,728","11,704,905","20,335,708","23,896,982","12,037,253","-10,761,271","-15,606,017","-14,884,311","-13,198,878","-10,731,886","-5,519,741","-6,042,557","-12,086,108","-22,221,986","-19,420,743","-20,815,860","-19,264,414","-24,743,136","-15,936,053","-28,683,993","-22,575,282","-22,430,442","-11,628,919","-13,942,521","-10,628,312","-13,692,184","-6,079,010","-6,757,937","-4,614,159","-5,313,681","-7,991,510","-5,335,233","-2,485,505","-2,776,523","-1,819,917","2,905,237","-1,437,682","-2,004,106","-371,055","-1,853,960","-1,544,927","-3,460,028","-2,528,617","-5,289,279","-8,030,468","-8,658,279","-7,502,162","-5,694,815","-5,233,774","-7,572,590","-12,477,548","-6,173,809","-3,707,170","-8,779,523","-3,974,148","-3,106,586","-3,136,953","-2,694,801","-3,036,325","642,761","-1,536,459","-1,476,938","-638,189","30,049","-205,932","108,133","-53,510","-104,763","-45,098","-84,721","-88,083","-10,153","-63,250","-60,946","-32,648","-51,389","-40,838","34,803","-57,551","-54,092","-60,712"
		NetIncomeIncludingNoncontrollingInterests,"-111,804,000","44,366,000","-62,872,000","-63,374,000","-29,924,000","-26,818,000","-20,732,000","-48,432,715","-13,611,213","-19,835,570","-2,673,728","11,704,905","20,335,708","23,896,982","12,037,253","-10,761,271","-15,606,017","-14,884,311","-13,198,878","-10,731,886","-5,519,741","-6,042,557","-12,086,108","-22,221,986","-19,420,743","-20,815,860","-19,264,414","-24,743,136","-15,936,053","-28,683,993","-22,575,282","-22,430,532","-11,626,451","-13,982,700","-10,685,732","-13,805,060","-6,177,628","-6,940,019","-4,780,727","-5,600,749","-8,239,061","-5,584,115","-2,686,799","-2,946,938","-2,013,414","2,699,382","-1,231,430","-2,314,216","-683,796","-2,142,597","-1,816,429","-3,460,028","-2,528,617","-5,289,279","-8,030,528","-11,628,762","-9,496,250","-6,839,810","-6,569,750","-11,256,271","-13,159,015","-8,108,440","-4,160,423","-8,493,879","-4,195,446","-3,691,085","-3,933,390","-3,204,027","-3,365,379","294,022","-1,869,480","-1,682,319","-684,531","30,049","-205,932","108,133","-53,510","-104,763","-45,098","-84,721","-88,083","-10,153","-63,250","-60,946","-32,648","-51,389","-40,838","34,803","-57,551","-54,092","-60,712"
			NetIncomeContinuousOperations,"-111,804,000","44,366,000","-62,872,000","-63,374,000","-29,924,000","-26,818,000","-20,732,000","-48,432,715","-13,611,213","-19,835,570","-2,673,728","11,704,905","20,335,708","23,896,982","12,037,253","-10,761,271","-15,606,017","-14,884,311","-13,198,878","-10,731,886","-5,519,741","-6,042,557","-12,086,108","-22,221,986","-19,420,743","-20,815,860","-19,264,414","-24,743,136","-15,936,053","-28,683,993","-22,575,282","-22,430,532","-11,626,451","-13,982,700","-10,685,732","-13,805,060","-6,177,628","-6,939,683","-4,780,709","-5,600,694","-8,239,738","-5,583,632","-2,686,579","-2,946,576","-1,944,672","-1,087,336","-1,234,383","-2,332,311","-678,247","-2,143,160","-2,230,662","-3,460,028","-2,528,617","-5,289,279","-8,030,468","-8,658,279","-7,787,336","-5,694,815","-5,233,774","-7,572,590","-12,477,548","-6,173,809","-3,707,170","-8,779,523","-3,974,148","-3,106,586","-3,136,953","-1,386,771","-3,036,325","642,761","-1,536,459","-1,476,938","-638,189","30,049","-205,932","108,133","-53,510","-104,763","-45,098","-84,721","-88,083","-10,153","-63,250","-60,946","-32,648","-51,389","-40,838","34,803","-57,551","-54,092","-60,712"
			NetIncomeDiscontinuousOperations,,,,,,,,,,,,,,,,,,,,,,,,,,,,,,,,"0","0","0","0","0","0","-336","-18","-55","677","-483","-220","-362","-68,742","3,786,718","2,953","18,095","-5,549","563","414,233","0","0","0",,"0","285,174",,,,,,,,,,,,,,,,,,,,,,,,,,,,,,,,,,
			NetIncomeExtraordinary,,,,,,,,,,,,,,,,,,,,,,,,,,,,,,,,,,,,,,,,,,,,,,,,,,,,,,,,,,,,,,,,,,,,,,,,,,,,,,,,,,,,,,,,,"0",,
		MinorityInterests,,,,,,,,,,,,,,,,,,,,,,,,"0","0","0","0","0","0","0","0","90","-2,468","40,179","57,420","112,876","98,618","182,082","166,568","287,068","247,551","248,882","201,294","170,415","193,497","205,855","-206,252","310,110","312,741","288,637","271,502","0","0","0","60","2,970,483","1,994,088","1,144,995","1,335,976","3,683,681","681,467","1,934,631","453,253","-285,644","221,298","584,499","796,437","509,226","329,054","348,739","333,021","205,381","46,342",,,,,,,,,,,,,,,,,,
DilutedNIAvailtoComStockholders,"-111,804,000","44,366,000","-62,872,000","-63,374,000","-29,924,000","-26,818,000","-20,732,000","-48,432,715","-13,611,213","-19,835,570","-2,673,728","11,704,905","20,335,708","23,896,982","12,037,253","-10,761,271","-15,606,017","-14,884,311","-13,198,878","-10,731,886","-5,519,741","-6,042,557","-12,086,108","-22,221,986","-19,420,743","-20,815,860","-19,264,414","-24,743,136","-15,936,053","-28,683,993","-22,575,282","-22,430,442","-11,628,919","-13,942,521","-10,628,312","-13,692,184","-6,079,010","-6,757,937","-4,614,159","-5,313,681","-7,991,510","-5,335,233","-2,485,505","-2,776,523","-1,819,917","2,905,237","-1,437,682","-2,004,106","-371,055","-1,853,960","-1,544,927","-3,460,028","-2,528,617","-5,289,279","-8,030,468","-8,658,279","-7,502,162","-5,694,815","-5,233,774","-7,572,590","-12,477,548","-6,173,809","-3,707,170","-8,779,523","-3,974,148","-3,106,586","-3,136,953","-2,694,801","-3,036,325","642,761","-1,536,459","-1,476,938","-638,189","30,049","-205,932","108,133","-53,510","-104,763","-45,098","-84,721","-88,083","-10,153","-63,250","-60,946","-32,648","-51,389","-40,838","34,803","-57,551","-54,092","-60,712"
BasicEPS,,"0.42","-0.6",,"-0.29","-0.26","-0.2",,"-0.13","-0.2","-0.03",,"0.21","0.25","0.13",,"-0.18","-0.18","-0.18",,"-0.07","-0.08","-0.17",,"-0.32","-0.35","-0.32",,"-0.27","-0.51","-0.41",,"-0.22","-0.31","-0.28",,"-0.23","-0.41","-0.33",,"-0.71","-0.5","-0.25",,"-0.3","0.4","-0.2",,"-0.1","-0.3","-0.3",,"-0.6","-1.2","-1.9",,"-1.9","-1.5","-1.4",,"-3.4","-1.8","-1.1",,"-1.2","-1","-1.1",,"-1.6","0.4","-1.1",,"-0.5","-0.2","-25.974",,"-6.494","-12.987","-6.494",,"-12.987","-1.25","-6.494",,"-6.494","-6.494","-6.494",,"-6.494","-6.494","-6.494"
DilutedEPS,,"0.41","-0.6",,"-0.29","-0.26","-0.2",,"-0.13","-0.2","-0.03",,"0.21","0.24","0.13",,"-0.18","-0.18","-0.18",,"-0.07","-0.08","-0.17",,"-0.32","-0.35","-0.32",,"-0.27","-0.51","-0.41",,"-0.22","-0.31","-0.28",,"-0.23","-0.41","-0.33",,"-0.71","-0.5","-0.25",,"-0.3","0.4","-0.2",,"-0.1","-0.3","-0.3",,"-0.6","-1.2","-1.9",,"-1.9","-1.5","-1.4",,"-3.4","-1.8","-1.1",,"-1.2","-1","-1.1",,"-1.6","0.3","-1.1",,"-0.5","-0.2","-25.974",,"-6.494","-12.987","-6.494",,"-12.987","-1.25","-6.494",,"-6.494","-6.494","-6.494",,"-6.494","-6.494","-6.494"
BasicAverageShares,,"105,545,000","104,534,000",,"104,099,000","103,867,000","102,757,000",,"101,843,436","101,653,136","97,090,079",,"94,935,471","94,155,407","91,091,823",,"87,634,435","84,083,937","74,831,415",,"74,772,103","74,629,855","71,444,600",,"59,966,955","59,779,128","59,548,672",,"59,492,867","55,719,923","54,692,392",,"51,931,989","44,321,847","37,741,743",,"26,134,183","16,461,693","14,113,620",,"11,238,291","10,663,869","10,121,069",,"7,182,627","7,180,669","7,177,941",,"6,457,940","6,292,253","5,864,908",,"4,335,384","4,293,451","4,293,451",,"3,889,199","3,875,423","3,862,602",,"3,642,246","3,423,214","3,418,139",,"3,381,013","3,215,195","2,798,728",,"1,876,012","1,431,024","1,376,928",,"1,358,598","7,928","7,928",,"8,241","8,067","6,945",,"6,782","9,740","9,740",,"7,101","7,914","6,289",,"8,863","8,330","9,350"
DilutedAverageShares,,"107,929,000","104,534,000",,"104,099,000","103,867,000","102,757,000",,"101,843,436","101,653,136","97,090,079",,"98,884,744","98,082,644","95,590,183",,"87,634,435","84,083,937","74,831,415",,"74,772,103","74,629,855","71,444,600",,"59,966,955","59,779,128","59,548,672",,"59,492,867","55,719,923","54,692,392",,"51,931,989","44,321,847","37,741,743",,"26,134,183","16,461,693","14,113,620",,"11,238,291","10,663,869","10,121,069",,"7,182,627","7,891,394","7,177,941",,"6,457,940","6,292,253","5,864,908",,"4,335,384","4,293,451","4,293,451",,"3,889,199","3,875,423","3,862,602",,"3,642,246","3,423,214","3,418,139",,"3,381,013","3,215,195","2,798,728",,"1,876,012","2,363,941","1,376,928",,"1,358,598","7,928","7,928",,"8,241","8,067","6,945",,"6,782","9,740","9,740",,"7,101","7,914","6,289",,"8,863","8,330","9,350"
TotalOperatingIncomeAsReported,"-118,519,000","41,553,000","-63,321,000","-64,883,000","-31,868,000","-28,232,000","-24,054,000","-50,119,092","-15,945,862","-22,240,255","-4,853,594","9,638,049","18,595,749","22,010,692","10,946,144","-11,169,109","-15,919,719","-15,034,059","-13,813,348","-10,250,213","-5,714,164","-6,129,642","-14,901,887","-21,795,115","-19,341,487","-21,264,855","-19,341,270","-25,229,832","-15,993,706","-29,632,743","-25,115,276","-22,354,308","-12,700,100","-11,212,498","-7,009,382","-7,999,103","-6,389,865","-5,390,288","-4,810,021","-5,378,478","-6,802,936","-4,868,757","-4,039,039","-2,912,716","-1,770,165","-1,811,618","-1,009,317","-2,348,262","-2,164,109","-2,129,459","-2,160,218","-3,513,871","-2,323,760","-5,216,322","-8,674,681","-11,558,991","-9,896,582","-7,072,689","-6,885,123","-11,641,701","-13,397,292","-8,436,538","-4,473,640","-8,759,742","-4,482,998","-3,945,150","-4,052,732","-2,061,012","-3,355,896","-2,019,030","-1,962,897","-1,498,095","-596,014","-388,936","-142,522","-17,604","-15,101","-29,469","-32,264","-1,319,171","-48,871","-22,427","-25,745","-29,863","-15,518","-25,529","-35,355","-27,655","-23,168","-25,497","-32,915"
TotalExpenses,"381,937,000","110,252,000","90,760,000","103,166,000","77,759,000","61,043,000","45,357,000","57,751,947","43,321,640","45,769,108","34,307,616","33,654,721","24,100,887","26,137,628","23,712,043","22,424,109","16,647,094","15,684,184","17,323,169","18,963,999","15,056,662","15,115,572","19,267,383","19,775,548","19,381,070","21,308,605","19,385,020","25,273,582","16,117,456","29,676,493","25,286,026","20,225,671","12,743,850","11,256,248","7,053,132","8,042,853","5,125,568","5,434,038","4,969,037","5,422,228","6,850,853","4,900,007","4,062,997","2,912,716","1,770,165","1,811,618","6,004,286","2,528,956","2,298,099","2,286,805","2,308,286","3,716,454","4,956,951","5,451,972","9,376,404","11,499,193","10,131,954","7,802,455","7,287,984","12,219,729","14,019,891","8,436,538","4,484,732","8,798,971","4,729,227","4,002,650","4,305,232","2,271,287","3,529,200","2,096,644","2,092,387","1,657,201","633,214","388,936","142,522","14,953","15,308","30,344","33,833","1,319,260","49,141","22,982","27,097","30,583","18,815","25,624","40,555","36,091","27,995","32,097","37,930"
NetIncomeFromContinuingAndDiscontinuedOperation,"-111,804,000","44,366,000","-62,872,000","-63,374,000","-29,924,000","-26,818,000","-20,732,000","-48,432,715","-13,611,213","-19,835,570","-2,673,728","11,704,905","20,335,708","23,896,982","12,037,253","-10,761,271","-15,606,017","-14,884,311","-13,198,878","-10,731,886","-5,519,741","-6,042,557","-12,086,108","-22,221,986","-19,420,743","-20,815,860","-19,264,414","-24,743,136","-15,936,053","-28,683,993","-22,575,282","-22,430,442","-11,628,919","-13,942,521","-10,628,312","-13,692,184","-6,079,010","-6,757,937","-4,614,159","-5,313,681","-7,991,510","-5,335,233","-2,485,505","-2,776,523","-1,819,917","2,905,237","-1,437,682","-2,004,106","-371,055","-1,853,960","-1,544,927","-3,459,968","-2,528,617","-5,289,279","-8,030,468","-8,658,279","-7,502,162","-5,694,815","-5,233,774","-7,572,590","-12,477,548","-6,173,809","-3,707,170","-8,779,523","-3,974,148","-3,106,586","-3,136,953","-2,694,801","-3,036,325","642,761","-1,536,459","-1,476,938","-638,189","30,049","-205,932","108,133","-53,510","-104,763","-45,098","-84,721","-88,083","-10,153","-63,250","-60,946","-32,648","-51,389","-40,838","34,803","-57,551","-54,092","-60,712"
NormalizedIncome,"-111,804,000","44,366,000","-62,872,000","-63,374,000","-29,924,000","-26,818,000","-20,732,000","-48,432,715","-13,611,213","-19,835,570","-2,673,728","11,704,905","20,335,708","23,896,982","12,037,253","-10,761,271","-15,606,017","-14,865,713","-13,649,617","-10,354,395.4","-5,582,806","-6,015,174","-13,569,939","-20,671,051.4","-19,307,384","-21,185,795","-19,240,890","-24,996,854.4","-15,831,340","-28,898,543","-24,931,043","-20,809,529.85","-12,387,388","-10,985,980","-7,055,171","-8,176,175","-4,931,761","-6,673,266","-4,676,909","-5,117,563","-6,575,522","-4,679,121","-3,936,397","-2,793,399","-1,626,503","-1,570,726","-1,774,797.4","-2,066,473.15","-1,382,904.2","-1,888,111.75","-1,959,303","-3,084,561.15","-2,477,898.15","-5,323,376.05","-8,440,369.7","-8,658,279","-7,787,336","-5,694,815","-5,233,774","-7,572,590","-12,477,548","-6,171,405.95","-3,707,170","-8,212,886.6","-4,048,877.4","-3,186,503","-3,138,912.6","-1,393,298.4","-3,032,314","-734,757.4","-1,581,345.6","-1,357,025.6","-580,255.4","-216,141.2","-168,366","108,133","-53,594","-105,488","-45,098","-84,621","-91,022","-59,399","-63,764","-66,724","-50,936","-59,872","-68,553","-20,293.2","-57,958","-54,726","-61,303.6"
InterestIncome,,,"1,156,000",,,,,,,,,,,,,,,,,,,,,,,,,,,,,,,,,,,,,,,,,,,,,,,,,,,,,,,,,,,,,,,,,,,,,,,,,,,,,,,,,,,,,,,,
NetInterestIncome,"4,638,000","1,054,000","1,156,000","1,148,000","1,280,000","1,524,000","2,169,000","2,271,301","2,334,649","2,404,685","2,179,866","2,240,409","1,739,959","1,886,290","1,091,109","402,745","313,702","168,346","163,731","149,878","131,358","108,744","25,148","52,251","34,103","79,060","100,380","131,262","162,366","198,113","237,417","259,101","226,424","119,390","40,578","-29,507","-48,252","-27,567","7,416","8,640","14,436","5,015","7,875","15,715","20,531","35,037","3,338","1,653","-12,877","-14,777","-22,025","-20,518","-78,526","-65,382",,,,,,,,,,,,,,,,,,,,,,,,,,,,,,,,,,,,,
EBIT,"-118,519,000","41,553,000","-63,321,000","-64,883,000","-31,868,000","-28,232,000","-24,054,000","-50,119,092","-15,945,862","-22,240,255","-4,853,037","9,638,049","18,595,749","22,010,647","10,945,853","-11,169,109","-15,919,719","-15,034,059","-13,813,348","-10,250,213","-5,714,164","-6,129,642","-14,901,887","-19,744,298","-19,341,487","-21,264,855","-19,341,270","-25,229,832","-15,993,706","-29,632,743","-25,115,276","-20,181,921","-12,700,100","-11,212,498","-7,009,382","-7,999,103","-5,081,818","-5,390,288","-4,810,021","-5,378,478","-6,802,936","-4,868,757","-4,039,039","-2,912,716","-1,770,165","-1,515,479","-1,009,317","-2,348,262","-2,164,109","-2,129,459","-2,160,218","-3,513,871","-2,323,760","-5,216,322","-8,674,681","-11,558,991","-9,896,582","-7,072,689","-6,885,123","-11,641,701","-13,397,292","-8,436,538","-4,473,640","-8,759,742","-4,482,998","-3,945,150","-4,052,732","-2,061,012","-3,355,896","-2,019,030","-1,962,897","-1,498,095","-596,014","-388,936","-142,522","-17,604","-15,101","-29,469","-32,264","-1,319,171","-48,871","-22,427","-25,745","-29,863","-15,518","-25,529","-35,355","-27,655","-23,168","-25,497","-32,915"
EBITDA,"-108,851,000"
ReconciledCostOfRevenue,,,,,,,,,,,,,,,,,,,,,,,,,,,,,,,,,,,,,,,,"0","0","1","0","0","9,449","30,784","0","0","0","0","0","0","0","0",,,"160,742","201,298","146,019","194,298","199,001",,,,,,,,,,,,,,,,"9","21","51","3","9","15","60","5,961","150","6","180","1,374","210","246","264"
ReconciledDepreciation,"9,668,000","2,594,000","2,573,000","2,504,000","1,997,000","1,918,000","1,848,000","1,774,391","1,536,401","1,371,588","1,259,884","1,082,375","1,003,450","1,175,967","1,177,352","1,228,395","1,176,241","1,153,466","1,141,173","1,154,525","1,162,660","1,187,644","1,185,611","843,584","818,200","803,912","794,349","855,551","741,058","449,559","290,039","270,417","276,054","395,779","403,405","398,964","454,086","448,765","449,597","447,169","423,415","423,947","454,444","64,936","51,003","29,668","122,370","146,904","161,059","172,422","174,304","202,080","265,672","239,487","287,365","283,645","267,048","297,510","285,178","286,179","252,591","234,520","230,578","252,087","229,469","176,926","228,474","238,099","187,130","129,534","89,243","72,496","1,898","166","180","-5,018","1,703","1,702","1,703","3,966","5,010","65","37","-589","0","1,774","2,341","1,432","2,067","2,067","2,056"
NetIncomeFromContinuingOperationNetMinorityInterest,"-111,804,000","44,366,000","-62,872,000","-63,374,000","-29,924,000","-26,818,000","-20,732,000","-48,432,715","-13,611,213","-19,835,570","-2,673,728","11,704,905","20,335,708","23,896,982","12,037,253","-10,761,271","-15,606,017","-14,884,311","-13,198,878","-10,731,886","-5,519,741","-6,042,557","-12,086,108","-22,221,986","-19,420,743","-20,815,860","-19,264,414","-24,743,136","-15,936,053","-28,683,993","-22,575,282","-22,430,442","-11,628,919","-13,942,521","-10,628,312","-13,692,184","-6,079,010","-6,757,601","-4,614,141","-5,313,626","-7,992,187","-5,334,750","-2,485,285","-2,776,161","-1,751,175","-881,481","-1,440,635","-2,022,201","-365,506","-1,854,523","-1,959,160","-3,459,968","-2,528,617","-5,289,279","-8,030,468","-8,658,279","-7,787,336","-5,694,815","-5,233,774","-7,572,590","-12,477,548","-6,173,809","-3,707,170","-8,779,523","-3,974,148","-3,106,586","-3,136,953","-1,386,771","-3,036,325","642,761","-1,536,459","-1,476,938","-638,189","30,049","-205,932","108,133","-53,510","-104,763","-45,098","-84,721","-88,083","-10,153","-63,250","-60,946","-32,648","-51,389","-40,838","34,803","-57,551","-54,092","-60,712"
TotalUnusualItemsExcludingGoodwill,,,,,,,,,,,,,,,,"0",,"-18,598","450,739","-629,151","63,065","-27,383","1,483,831","-2,584,891","-113,359","369,935","-23,524","422,864","-104,713","214,550","2,355,761","-2,493,711","758,469","-2,956,541","-3,573,141","-5,516,009","-1,147,249","-84,335","62,768","-196,063","-1,416,665","-655,629","1,451,112","17,238","-124,672","689,245","514,096","68,111","1,565,228","51,675","220","-577,549","-78,029","52,457","630,618",,,,,,,"-3,697",,"-944,394","124,549","133,195","3,266","10,879","-6,685","2,295,864","74,811","-199,854","-96,556","410,317","-62,610",,"84","725",,"-100","2,939","49,246","514","5,778","18,288","8,483","27,715","91,827","407","634","986"
TotalUnusualItems,,,,,,,,,,,,,,,,"0",,"-18,598","450,739","-629,151","63,065","-27,383","1,483,831","-2,584,891","-113,359","369,935","-23,524","422,864","-104,713","214,550","2,355,761","-2,493,711","758,469","-2,956,541","-3,573,141","-5,516,009","-1,147,249","-84,335","62,768","-196,063","-1,416,665","-655,629","1,451,112","17,238","-124,672","689,245","514,096","68,111","1,565,228","51,675","220","-577,549","-78,029","52,457","630,618",,,,,,,"-3,697",,"-944,394","124,549","133,195","3,266","10,879","-6,685","2,295,864","74,811","-199,854","-96,556","410,317","-62,610",,"84","725",,"-100","2,939","49,246","514","5,778","18,288","8,483","27,715","91,827","407","634","986"
NormalizedEBITDA,"-108,851,000","44,147,000","-60,748,000","-62,379,000","-29,871,000","-26,314,000","-22,206,000","-48,344,701","-14,409,461","-20,868,667","-3,593,153","10,720,424","19,599,199","23,186,614","12,123,205","-9,940,714","-14,743,478","-13,861,995","-13,122,914","-8,466,537","-4,614,569","-4,914,615","-15,200,107","-16,315,823","-18,409,928","-20,830,878","-18,523,397","-24,797,145","-15,147,935","-29,397,734","-27,180,998","-17,417,793","-13,182,515","-7,860,178","-3,032,836","-2,084,130","-3,480,483","-4,857,188","-4,423,192","-4,735,246","-4,962,856","-3,789,180","-5,035,707","-2,865,018","-1,585,041","-2,144,272","-1,401,043","-2,269,469","-3,568,278","-2,008,712","-1,986,134","-2,734,242","-1,980,059","-5,029,292","-9,017,934","-11,275,346","-9,629,534","-6,775,179","-6,599,945","-11,355,522","-13,144,701","-8,198,321","-4,243,062","-7,563,261","-4,378,078","-3,901,419","-3,827,524","-1,833,792","-3,162,081","-4,185,360","-1,948,465","-1,225,745","-497,560","-799,087","-79,732","-17,604","-13,482","-28,492","-30,561","-1,315,105","-46,800","-71,608","-26,222","-35,641","-33,806","-32,238","-60,729","-118,050","-21,508","-24,064","-31,845"
TaxRateForCalcs,"0.4","0","0","0.27","0","0","0","0.27","0","0","0","0.015","0","0","0","0.27","0","0","0","0.4","0","0","0","0.4","0","0","0","0.4","0","0","0","0.35","0","0","0","0","0","0","0","0","0","0","0","0","0","0","0.35","0.35","0.35","0.35","0.35","0.35","0.35","0.35","0.35","0.35","0.35","0.35","0.35","0.35","0.35","0.35","0.4","0.4","0.4","0.4","0.4","0.4","0.4","0.4","0.4","0.4","0.4","0.4","0.4","0.4","0","0","0","0","0","0","0","0","0","0","0","0.4","0","0","0.4"
TaxEffectOfUnusualItems,"0","0","0","0","0","0","0","0","0","0","0","0","0","0","0","0","0","0","0","-251,660.4","0","0","0","-1,033,956.4","0","0","0","169,145.6","0","0","0","-872,798.85","0","0","0","0","0","0","0","0","0","0","0","0","0","0","179,933.6","23,838.85","547,829.8","18,086.25","77","-202,142.15","-27,310.15","18,359.95","220,716.3","0","0","0","0","0","0","-1,293.95","0","-377,757.6","49,819.6","53,278","1,306.4","4,351.6","-2,674","918,345.6","29,924.4","-79,941.6","-38,622.4","164,126.8","-25,044","0","0","0","0","0","0","0","0","0","0","0","0","36,730.8","0","0","394.4"