name,ttm,03/31/2022,12/31/2021,09/30/2021,06/30/2021,03/31/2021,12/31/2020,09/30/2020,06/30/2020,03/31/2020,12/31/2019,09/30/2019,06/30/2019,03/31/2019,12/31/2018,09/30/2018,06/30/2018,03/31/2018,12/31/2017,09/30/2017,06/30/2017,03/31/2017,12/31/2016,09/30/2016,06/30/2016,03/31/2016,12/31/2015,09/30/2015,06/30/2015,03/31/2015,12/31/2014,09/30/2014,06/30/2014,03/31/2014,12/31/2013,09/30/2013,06/30/2013,03/31/2013,12/31/2012,09/30/2012,06/30/2012,03/31/2012,12/31/2011,09/30/2011,06/30/2011,03/31/2011,12/31/2010,09/30/2010,06/30/2010,03/31/2010,12/31/2009,09/30/2009,06/30/2009,03/31/2009,12/31/2008,09/30/2008,06/30/2008,03/31/2008,12/31/2007,09/30/2007,06/30/2007,03/31/2007,12/31/2006,09/30/2006,06/30/2006,03/31/2006,12/31/2005,09/30/2005,06/30/2005,03/31/2005,12/31/2004,09/30/2004,06/30/2004,03/31/2004,12/31/2003,09/30/2003,06/30/2003,03/31/2003,12/31/2002,09/30/2002,06/30/2002,03/31/2002,12/31/2001,09/30/2001,06/30/2001,03/31/2001,12/31/2000,09/30/2000,06/30/2000,03/31/2000,12/31/1999,09/30/1999,06/30/1999,03/31/1999,12/31/1998,09/30/1998
TotalRevenue,"914,370,000","307,553,000","178,331,000","174,174,000","254,312,000","278,383,000","155,157,000","175,353,000","161,122,000","263,320,000","149,421,000","149,016,000","193,740,000","225,768,000","101,258,000","95,385,000","157,848,000","205,965,000","97,849,000","90,171,000","139,162,000","182,375,000","86,801,000","83,237,000","120,108,000","165,765,000","-260,875,000","84,781,000","118,976,000","174,826,000","108,113,000","114,855,000","141,569,000","216,183,000","167,340,000","124,121,000","117,181,000","165,338,000","97,470,000","92,870,000","100,883,000","115,696,000","66,614,000","56,257,000","54,292,000","61,629,000","63,943,000","61,717,000","59,402,000","61,773,000","70,457,000","54,356,000","43,763,000","39,070,000","36,748,000","39,469,000","38,328,000","42,182,000","-48,230,000","48,748,000","70,530,000","86,643,000","89,319,000","96,298,000","95,846,000","90,274,000","86,540,000","83,225,000","83,181,000","87,022,000","79,674,000","67,151,000","54,448,000","48,081,000","46,854,000","38,267,000","38,334,000","36,600,000","36,161,000","33,571,000","33,266,000","33,144,000","31,363,000","33,051,000","50,942,000","46,565,000","71,740,935","57,695,129","24,572,095","19,005,740","14,900,000","10,100,000","6,700,000","5,100,000","4,000,000","2,500,000"
	OperatingRevenue,"914,370,000","307,553,000","178,331,000","174,174,000","254,312,000","278,383,000","155,157,000","175,353,000","161,122,000","263,320,000","149,421,000","149,016,000","193,740,000","225,768,000","101,258,000","95,385,000","157,848,000","205,965,000","97,849,000","90,171,000","139,162,000","182,375,000","86,801,000","83,237,000","120,108,000","165,765,000","-260,875,000","84,781,000","118,976,000","174,826,000","108,113,000","114,855,000","141,569,000","216,183,000","167,340,000","124,121,000","117,181,000","165,338,000","97,470,000","92,870,000","100,883,000","115,696,000","66,614,000","56,257,000","54,292,000","61,629,000","63,943,000","61,717,000","59,402,000","61,773,000","70,457,000","54,356,000","43,763,000","39,070,000","36,748,000","39,469,000","38,328,000","42,182,000","-48,230,000","48,748,000","70,530,000","86,643,000","89,319,000","96,298,000","95,846,000","90,274,000","86,540,000","83,225,000","83,181,000","87,022,000","79,674,000","67,151,000","54,448,000","48,081,000","46,854,000","38,267,000","38,334,000","36,600,000","36,161,000","33,571,000","33,266,000","33,144,000","31,363,000","33,051,000","50,942,000","46,565,000","71,740,935","57,695,129","24,572,095","19,005,740","14,900,000","10,100,000","6,700,000","5,100,000","4,000,000","2,500,000"
CostOfRevenue,"494,950,000","129,300,000","124,347,000","122,964,000","118,339,000","114,201,000","106,199,000","98,814,000","86,922,000","106,355,000","102,908,000","103,663,000","99,795,000","73,619,000","76,015,000","71,954,000","73,766,000","75,777,000","74,555,000","69,586,000","67,710,000","68,028,000","66,051,000","64,586,000","61,411,000","64,459,000","-158,369,000","57,015,000","56,026,000","59,041,000","69,446,000","75,359,000","79,370,000","96,322,000","110,564,000","83,557,000","69,980,000","78,675,000","73,704,000","69,973,000","64,227,000","59,547,000","46,954,000","38,755,000","35,807,000","40,477,000","41,182,000","38,709,000","35,100,000","43,471,000","50,274,000","36,446,000","26,678,000","22,798,000","20,933,000","21,503,000","20,836,000","24,234,000","-33,390,000","23,685,000","36,388,000","48,342,000","50,733,000","56,095,000","54,001,000","48,720,000","44,524,000","43,196,000","39,763,000","39,243,000","46,874,000","24,537,000","22,424,000","20,104,000","7,337,000","6,363,000","7,394,000","8,164,000","8,736,000","8,661,000","9,721,000","9,663,000","10,046,000","9,460,000","10,614,000","11,721,000","-1,168,635","10,363,743","2,860,704","1,959,115","1,600,000","1,200,000","200,000","-300,000","-400,000","500,000"
GrossProfit,"419,420,000","178,253,000","53,984,000","51,210,000","135,973,000","164,182,000","48,958,000","76,539,000","74,200,000","156,965,000","46,513,000","45,353,000","93,945,000","152,149,000","25,243,000","23,431,000","84,082,000","130,188,000","23,294,000","20,585,000","71,452,000","114,347,000","20,750,000","18,651,000","58,697,000","101,306,000","-102,506,000","27,766,000","62,950,000","115,785,000","38,667,000","39,496,000","62,199,000","119,861,000","56,776,000","40,564,000","47,201,000","86,663,000","23,766,000","22,897,000","36,656,000","56,149,000","19,660,000","17,502,000","18,485,000","21,152,000","22,761,000","23,008,000","24,302,000","18,302,000","20,183,000","17,910,000","17,085,000","16,272,000","15,815,000","17,966,000","17,492,000","17,948,000","-14,840,000","25,063,000","34,142,000","38,301,000","38,586,000","40,203,000","41,845,000","41,554,000","42,016,000","40,029,000","43,418,000","47,779,000","32,800,000","42,614,000","32,024,000","27,977,000","39,517,000","31,904,000","30,940,000","28,436,000","27,425,000","24,910,000","23,545,000","23,481,000","21,317,000","23,591,000","40,328,000","34,844,000","72,909,570","47,331,386","21,711,391","17,046,625","13,300,000","8,900,000","6,500,000","5,400,000","4,400,000","2,000,000"
OperatingExpense,"354,626,000","131,544,000","77,653,000","69,251,000","76,178,000","118,850,000","60,343,000","65,250,000","75,982,000","122,497,000","64,512,000","59,805,000","56,732,000","82,036,000","38,740,000","34,123,000","45,257,000","77,165,000","37,440,000","31,805,000","41,126,000","68,169,000","31,055,000","29,159,000","36,343,000","61,860,000","-60,478,000","41,428,000","50,774,000","77,078,000","45,357,000","40,820,000","44,425,000","75,245,000","46,090,000","34,437,000","26,824,000","49,404,000","19,997,000","19,163,000","20,829,000","36,450,000","13,047,000","14,217,000","12,101,000","17,887,000","19,844,000","23,594,000","22,947,000","16,051,000","13,950,000","16,603,000","14,919,000","16,367,000","15,102,000","17,739,000","15,661,000","15,207,000","-1,663,000","41,478,000","68,611,000","43,778,000","42,024,000","46,224,000","44,649,000","39,982,000","32,868,000","32,193,000","30,059,000","31,705,000","12,845,000","30,453,000","23,408,000","22,930,000","28,593,000","30,952,000","30,264,000","31,148,000","94,459,000","46,552,000","38,806,000","42,387,000","-14,462,000","195,545,000","101,367,000","111,761,000","120,501,058","91,656,513","48,141,752","27,957,401","15,600,000","10,000,000","9,500,000","7,200,000","5,700,000","2,900,000"
	SellingGeneralAndAdministration,"283,233,000","113,478,000","59,574,000","51,501,000","58,680,000","102,247,000","45,458,000","49,623,000","60,257,000","104,438,000","44,209,000","39,618,000","48,258,000","74,446,000","32,871,000","29,079,000","39,416,000","70,119,000","31,087,000","25,887,000","36,011,000","62,481,000","25,142,000","23,603,000","31,421,000","56,590,000","-42,935,000","29,446,000","38,301,000","64,605,000","32,417,000","27,647,000","32,712,000","64,468,000","35,758,000","26,651,000","20,624,000","43,180,000","13,798,000","13,024,000","14,225,000","30,509,000","4,398,000","13,207,000","11,656,000","17,154,000","13,344,000","22,227,000","18,562,000","13,289,000","10,737,000","13,578,000","11,505,000","13,150,000","13,006,000","12,822,000","11,001,000","11,511,000","42,507,000","25,300,000","46,252,000","22,643,000","23,036,000","26,444,000","25,114,000","23,649,000","17,870,000","18,190,000","16,759,000","18,477,000","4,495,000","19,275,000","14,081,000","14,952,000","17,996,000","22,915,000","21,777,000","18,288,000","3,956,000","35,060,000","22,691,000","27,096,000","24,518,000","27,214,000","31,580,000","35,021,000","36,904,894","34,408,362","20,937,853","14,529,713","11,400,000","8,400,000","8,000,000","5,800,000","4,200,000","2,700,000"
		GeneralAndAdministrativeExpense,"103,061,000","29,075,000","27,052,000","23,102,000","23,832,000","24,685,000","18,625,000","18,605,000","20,200,000","24,728,000","22,808,000","19,642,000","19,002,000","18,874,000","16,229,000","13,404,000","15,625,000","14,866,000","13,263,000","12,207,000","13,715,000","13,483,000","11,497,000","11,638,000","11,508,000","12,753,000","9,627,000","12,513,000","11,014,000","10,409,000","10,568,000","9,495,000","10,425,000","8,632,000","8,485,000","8,421,000","6,557,000","6,384,000","5,713,000","5,283,000","5,356,000","11,066,000","-355,000","8,319,000","6,754,000","7,659,000","2,943,000","12,140,000","9,710,000","6,817,000","4,134,000","6,884,000","6,366,000","6,207,000",,,,,,,,,,,,,,,,,,,,,,,,,,,,,,,,,,,,,,,,,,
			OtherGandA,"103,061,000","29,075,000","27,052,000","23,102,000","23,832,000","24,685,000","18,625,000","18,605,000","20,200,000","24,728,000","22,808,000","19,642,000","19,002,000","18,874,000","16,229,000","13,404,000","15,625,000","14,866,000","13,263,000","12,207,000","13,715,000","13,483,000","11,497,000","11,638,000","11,508,000","12,753,000","9,627,000","12,513,000","11,014,000","10,409,000","10,568,000","9,495,000","10,425,000","8,632,000","8,485,000","8,421,000","6,557,000","6,384,000","5,713,000","5,283,000","5,356,000","11,066,000","-355,000","8,319,000","6,754,000","7,659,000","2,943,000","12,140,000","9,710,000","6,817,000","4,134,000","6,884,000","6,366,000","6,207,000",,,,,,,,,,,,,,,,,,,,,,,,,,,,,,,,,,,,,,,,,,
		SellingAndMarketingExpense,"180,172,000","84,403,000","32,522,000","28,399,000","34,848,000","77,562,000","26,833,000","31,018,000","40,057,000","79,710,000","21,401,000","19,976,000","29,256,000","55,572,000","16,642,000","15,675,000","23,791,000","55,253,000","17,824,000","13,680,000","22,296,000","48,998,000","13,645,000","11,965,000","19,913,000","43,837,000","-52,562,000","16,933,000","27,287,000","54,196,000","21,849,000","18,152,000","22,287,000","55,836,000","27,273,000","18,230,000","14,067,000","36,796,000","8,085,000","7,741,000","8,869,000","19,443,000","4,753,000","4,888,000","4,902,000","9,495,000","10,401,000","10,087,000","8,852,000","6,472,000","6,603,000","6,694,000","5,139,000","6,943,000",,,,,,,,,,,,,,,,,,,,,,,,,,,,,,,,,,,,,,,,,,
	ResearchAndDevelopment,"32,080,000","8,504,000","8,471,000","7,874,000","7,231,000","7,128,000","5,359,000","6,007,000","7,377,000","8,515,000","8,608,000","8,635,000","7,159,000","6,529,000","5,107,000","4,246,000","4,848,000","5,131,000","5,573,000","5,051,000","4,242,000","4,748,000","4,938,000","4,588,000","3,959,000","4,295,000","-10,696,000","5,418,000","5,168,000","5,217,000","5,748,000","5,970,000","4,817,000","4,135,000","3,731,000","2,905,000","2,508,000","2,538,000","2,538,000","2,410,000","2,448,000","2,573,000","1,904,000",,,"2,197,000",,,,"999,000","1,401,000","1,207,000","1,603,000","1,406,000","2,036,000","2,757,000","2,929,000","2,209,000","-30,401,000","11,713,000","15,882,000","14,742,000","12,466,000","12,099,000","12,467,000","9,308,000","8,396,000","7,840,000","7,596,000","7,371,000","6,688,000","6,436,000","5,580,000","4,438,000","5,616,000","5,264,000","5,513,000","7,282,000","7,880,000","8,372,000","9,516,000","9,427,000","7,934,000","9,051,000","10,569,000","11,787,000","15,134,069","10,152,298","5,649,288","4,777,280","2,300,000","300,000","300,000","200,000","300,000","200,000"
	DepreciationAmortizationDepletionIncomeStatement,"39,313,000","9,562,000","9,608,000","9,876,000","10,267,000","9,475,000","9,526,000","9,620,000","8,348,000","9,544,000","11,695,000","11,552,000","1,315,000","1,061,000","762,000","798,000","993,000","1,915,000","780,000","867,000","873,000","940,000","975,000","968,000","963,000","975,000","-6,847,000","6,564,000","7,305,000","7,256,000","7,192,000","7,203,000","6,896,000","6,642,000","6,601,000","4,881,000","3,692,000","3,686,000","3,661,000","3,729,000","3,700,000","2,648,000","473,000","475,000","552,000","798,000","837,000","940,000","863,000","1,763,000","1,812,000","1,818,000","1,811,000","1,811,000","1,957,000","2,160,000","1,731,000","1,487,000","-10,521,000","4,465,000","6,477,000","6,393,000","6,522,000","7,681,000","7,068,000","7,025,000","6,602,000","6,163,000","5,704,000","5,857,000","4,865,000","4,742,000","3,747,000","3,540,000","1,952,000","1,622,000","1,623,000","1,622,000","2,091,000","3,120,000","5,750,000","5,914,000","-43,430,000","157,140,000","59,107,000","63,897,000","68,462,095","47,095,853","21,554,611","8,650,408","1,900,000","1,300,000","1,200,000","1,200,000","1,200,000",
		DepreciationAndAmortizationInIncomeStatement,"39,313,000","9,562,000","9,608,000","9,876,000","10,267,000","9,475,000","9,526,000","9,620,000","8,348,000","9,544,000","11,695,000","11,552,000","1,315,000","1,061,000","762,000","798,000","993,000","1,915,000","780,000","867,000","873,000","940,000","975,000","968,000","963,000","975,000","-6,847,000","6,564,000","7,305,000","7,256,000","7,192,000","7,203,000","6,896,000","6,642,000","6,601,000","4,881,000","3,692,000","3,686,000","3,661,000","3,729,000","3,700,000","2,648,000","473,000","475,000","552,000","798,000","837,000","940,000","863,000","1,763,000","1,812,000","1,818,000","1,811,000","1,811,000","1,957,000","2,160,000","1,731,000","1,487,000","-10,521,000","4,465,000","6,477,000","6,393,000","6,522,000","7,681,000","7,068,000","7,025,000","6,602,000","6,163,000","5,704,000","5,857,000","4,865,000","4,742,000","3,747,000","3,540,000","1,952,000","1,622,000","1,623,000","1,622,000","2,091,000","3,120,000","5,750,000","5,914,000","-43,430,000","157,140,000","59,107,000","63,897,000","68,462,095","47,095,853","21,554,611","8,650,408","1,900,000","1,300,000","1,200,000","1,200,000","1,200,000",
			DepreciationIncomeStatement,"11,537,000","2,931,000","2,535,000","2,867,000","3,204,000","2,300,000","1,948,000","1,874,000","1,675,000","1,796,000","1,633,000","1,470,000","1,315,000","1,061,000","762,000","798,000","993,000","1,915,000","780,000","867,000","873,000","940,000","975,000","968,000","963,000","975,000","-2,019,000","1,215,000","1,187,000","1,138,000","1,074,000","1,085,000","1,135,000","1,058,000","1,001,000","697,000","524,000","517,000","492,000","560,000","532,000","535,000","473,000","475,000","552,000","677,000","716,000","818,000","823,000",,,,,"1,811,000",,,,,,"4,293,000","4,809,000","4,591,000","4,674,000","4,635,000","3,457,000","3,317,000","2,892,000","2,454,000","1,941,000","1,774,000","1,749,000","1,681,000","1,745,000","1,799,000",,,,,,,,,,,,,,,,,,,,,,
			Amortization,"27,776,000","6,631,000","7,073,000","7,009,000","7,063,000","7,175,000","7,578,000","7,746,000","6,673,000","7,748,000","10,062,000","10,082,000","9,169,000",,,,,,,,,,,,,,"-4,828,000","5,349,000","6,118,000","6,118,000","6,118,000","6,118,000","5,761,000","5,584,000","5,600,000","4,184,000","3,168,000","3,169,000","3,169,000","3,169,000","3,168,000","2,113,000",,,,"121,000","121,000","122,000","40,000",,,,,,,,,,,"172,000","1,668,000","1,802,000","1,848,000","3,046,000","3,611,000","3,708,000","3,710,000","3,709,000","3,763,000","4,083,000","3,116,000","3,061,000","2,002,000","1,741,000","1,952,000","1,622,000","1,623,000","1,622,000","2,091,000","3,120,000","5,750,000","5,914,000","-43,430,000","157,140,000","59,107,000","63,897,000",,"47,095,853",,,,,,,,
				AmortizationOfIntangiblesIncomeStatement,"27,776,000","6,631,000","7,073,000","7,009,000","7,063,000","7,175,000","7,578,000","7,746,000","6,673,000","7,748,000","10,062,000","10,082,000","9,169,000",,,,,,,,,,,,,,"-4,828,000","5,349,000","6,118,000","6,118,000","6,118,000","6,118,000","5,761,000","5,584,000","5,600,000","4,184,000","3,168,000","3,169,000","3,169,000","3,169,000","3,168,000","2,113,000",,,,"121,000","121,000","122,000","40,000",,,,,,,,,,,"172,000","1,668,000","1,802,000","1,848,000","3,046,000","3,611,000","3,708,000","3,710,000","3,709,000","3,763,000","4,083,000","3,116,000","3,061,000","2,002,000","1,741,000","1,952,000","1,622,000","1,623,000","1,622,000","2,091,000","3,120,000","5,750,000","5,914,000","-43,430,000","157,140,000","59,107,000","63,897,000",,"47,095,853",,,,,,,,
	OtherOperatingExpenses,,,,,,,,,,,,,,,,,,,,,,,,,,,,,,,,,,,,,,,,"5,196,000","456,000","720,000","1,018,000","535,000","-107,000","-65,000",,"427,000","3,522,000",,,,,,,,,,,,,,,,,,,,,,,,,,"3,029,000","1,151,000","1,351,000","3,956,000",,,"849,000","-50,000",,"2,140,000","111,000","1,056,000",,,,,,,,,,
OperatingIncome,"64,794,000","46,709,000","-23,669,000","-18,041,000","59,795,000","45,332,000","-11,385,000","11,289,000","-1,782,000","34,468,000","-17,999,000","-14,452,000","37,213,000","70,113,000","-13,497,000","-10,692,000","38,825,000","53,023,000","-14,146,000","-11,220,000","30,326,000","46,178,000","-10,305,000","-10,508,000","22,354,000","39,446,000","-42,028,000","-13,662,000","12,176,000","38,707,000","-6,690,000","-1,324,000","17,774,000","44,616,000","10,686,000","6,127,000","20,377,000","37,259,000","3,769,000","3,734,000","15,827,000","19,699,000","6,613,000","3,285,000","6,384,000","3,265,000","2,917,000","-586,000","1,355,000","2,251,000","6,233,000","1,307,000","2,166,000","-95,000","713,000","227,000","1,831,000","2,741,000","-13,177,000","-16,415,000","-34,469,000","-5,477,000","-3,438,000","-6,021,000","-2,804,000","1,572,000","9,148,000","7,836,000","13,359,000","16,074,000","19,955,000","12,161,000","8,616,000","5,047,000","10,924,000","952,000","676,000","-2,712,000","-67,034,000","-21,642,000","-15,261,000","-18,906,000","35,779,000","-171,954,000","-61,039,000","-76,917,000","-47,591,488","-44,325,127","-26,430,361","-10,910,776","-2,300,000","-1,100,000","-3,000,000","-1,800,000","-1,300,000","-900,000"
NetNonOperatingInterestIncomeExpense,"-31,412,000","-7,841,000","-7,688,000","-7,982,000","-7,963,000","-7,821,000","-7,767,000","-11,577,000","-5,230,000","-5,683,000","-4,085,000","-5,784,000","-5,081,000","-3,846,000","-3,085,000","-3,835,000","-4,113,000","-4,391,000","-4,683,000","-4,980,000","-6,586,000","-7,888,000","-8,492,000","-9,318,000","-9,881,000","-11,182,000","-2,104,000","-3,580,000","-3,621,000","-4,129,000","-3,860,000","-3,854,000","-3,876,000","-4,094,000","-3,795,000","-3,747,000","-4,206,000","-1,361,000","-1,968,000","-776,000","-957,000","-835,000","85,000","94,000",,,,,,,,,,,,,,,,,,,,,,,,,,,,,,,,,,,,,,,,,,,,,,,,,,,,
	InterestIncomeNonOperating,,,"19,000","0","0","2,000","38,000","2,000","11,000","14,000","108,000","52,000","149,000","140,000","132,000","119,000","58,000","40,000","34,000","31,000","25,000","20,000","27,000","18,000","11,000","25,000","229,000","138,000","124,000","118,000","85,000","71,000","88,000","108,000","94,000","42,000","109,000","55,000","52,000","18,000","52,000","9,000","85,000","94,000",,,,,,,,,,,,,,,,,,,,,,,,,,,,,,,,,,,,,,,,,,,,,,,,,,,,
	InterestExpenseNonOperating,"29,885,000","7,452,000","7,313,000","7,594,000","7,586,000","7,460,000","7,439,000","7,530,000","4,910,000","5,384,000","5,041,000","5,535,000","4,855,000","3,814,000","3,876,000","3,782,000","3,887,000","4,228,000","4,519,000","4,834,000","6,284,000","7,521,000","8,119,000","8,923,000","9,475,000","10,597,000","2,143,000","3,418,000","3,450,000","3,899,000","3,655,000","3,637,000","3,680,000","3,921,000","3,622,000","3,531,000","3,839,000","1,309,000","1,200,000","794,000","1,009,000","844,000",,,,,,,,,,,,,,,,,,,,,,,,,,,,,,,,,,,,,,,,,,,,,,,,,,,,,,
	TotalOtherFinanceCost,"1,548,000","389,000","394,000","388,000","377,000","363,000","366,000","4,049,000","331,000","313,000","194,000","301,000","375,000","172,000",,"172,000","284,000","203,000","198,000","177,000","327,000","387,000","400,000","413,000","417,000","610,000","190,000","300,000","295,000","348,000","290,000","288,000","284,000","281,000","267,000","258,000","476,000","107,000","74,000",,,,,,,,,,,,,,,,,,,,,,,,,,,,,,,,,,,,,,,,,,,,,,,,,,,,,,,,,
OtherIncomeExpense,"-26,987,000","-1,666,000","-4,475,000","-2,554,000","-18,230,000","-8,165,000","-12,454,000","-10,662,000","-2,882,000","-276,759,000","-9,172,000","-54,481,000","-9,220,000","-112,000","-859,000","-28,000","1,352,000","-1,126,000","-1,094,000","-367,000","-17,945,000","-4,109,000","-5,276,000","-2,135,000","-1,035,000","3,668,000","1,140,000","305,000","-956,000","403,000","-62,722,000","646,000","152,000","25,000","-5,401,000","-9,371,000","-2,098,000","356,000","2,972,000","-4,420,000","483,000",,"-39,000","-15,000",,,,"-427,000","3,522,000","-137,000","-1,951,000","472,000","801,000","-4,739,000","-14,823,000","-9,579,000","303,000","-4,604,000","-22,755,000","2,093,000","6,053,000","625,000","-4,598,000","-57,783,000","4,723,000","3,872,000","-134,000","-138,000","2,992,000","80,154,000","1,955,000","1,213,000","4,827,000","402,000","-3,535,000","-173,000","-18,582,000","-2,481,000","-77,811,000","-4,882,000","787,000","-14,783,000","-134,388,000","-34,380,000","-9,856,000","-45,295,000","-49,418,575","-7,406,259","-8,237,404","-62,224,475","-15,000,000","2,500,000","-1,900,000","1,000,000","-4,300,000",
	GainOnSaleOfSecurity,,,,,,,,,,,,,,,,,,,,,,,,,,,,"105,000","-353,000",,,,,,"-5,721,000","-3,956,000","-2,323,000","348,000","1,928,000",,,,,,,,,,,,,,"335,000",,,,,,,,,,,,,,,,,,,,,,,,,,,,,,,,,,,,,,,,,,,
	EarningsFromEquityInterest,,,,,,,,,,,,,,,,,,,,,,,,,,,,,,,,,,,,,,,,,,,,,,,,,,,,,,"-5,351,000",,,,,,,,,,,,,,,,,"0","-33,000",,,,"74,000",,,,,,,,,,,,,,,,,,,,
	SpecialIncomeCharges,"-26,361,000","-1,666,000","-4,285,000","-2,241,000","-18,169,000","-8,103,000","-12,303,000","-9,927,000","-2,824,000","-276,307,000","-9,066,000","-54,403,000","-9,183,000","0","-830,000","0","-760,000","-1,065,000","-940,000","-289,000","-18,132,000","-4,069,000","-5,503,000","-2,121,000","-971,000","3,861,000","628,000","224,000","-598,000","476,000","-62,802,000","665,000",,,"300,000","-5,304,000",,,"5,114,000","-4,420,000","483,000",,"-39,000","-15,000",,,,"-427,000","3,522,000","-137,000","2,829,000","472,000","466,000","612,000","14,358,000","-9,579,000","303,000","-4,604,000","-22,755,000","2,093,000","6,053,000","625,000","-4,598,000","-57,783,000","4,723,000","3,872,000","-134,000","-138,000","2,992,000","80,154,000","1,955,000","1,246,000","4,827,000","402,000","-3,535,000","-247,000","-18,582,000","-2,481,000","-77,811,000","-4,882,000","787,000","-14,783,000","-134,388,000","-34,380,000","-9,856,000","-45,295,000","-49,418,575","-7,406,259","-8,237,404","-62,224,475","-15,000,000","2,500,000","-1,900,000","1,000,000","-4,300,000",
		RestructuringAndMergernAcquisition,"26,361,000","1,666,000","4,285,000","2,241,000","18,169,000","8,103,000","12,303,000","10,276,000","2,824,000","5,682,000","8,024,000","6,759,000","9,183,000","0","-3,000","0","2,000","289,000","375,000","106,000","331,000","2,289,000","3,870,000",,,,,"0",,,"-15,000","-665,000",,,,,,,"0",,,,,,,,,,,,"0","0","0","-5,000","1,897,000","-9,000","-2,011,000","140,000","11,469,000","623,000","-1,669,000","-833,000","4,527,000","57,789,000",,,,,,,"3,078,000","-246,000","-3,651,000","1,041,000","1,220,000","-128,000","10,463,000","167,000","758,000","1,056,000",,,"5,486,000","9,251,000","226,000","2,606,000",,"7,608,779",,,,,,,,
		ImpairmentOfCapitalAssets,,,"0","0","0","0","0","0","0","270,625,000","0","50,900,000",,,,,,,,,,,,,,,,,,,"62,817,000",,,,,,,,,,,,,,,,,,,,,,,,,,,,,,,,,,,,,,,,,,,,,,,,,,,,,,,,,,,,,,,,,
		WriteOff,,,,,,,,,,,,,,,,,,,,,,,,,,,"-964,000","0","964,000",,"0","0",,,"0","3,711,000",,,,,,,,,,,,,,,,,,,,,,,,,,,,,,,,,,,,,,,,,,,,,,,,,,,,,,,,,,,,
		OtherSpecialCharges,,,,,,,,,,,,,,,"833,000",,"758,000","776,000","565,000","183,000","17,801,000","1,780,000","1,633,000","2,121,000","971,000","-3,861,000","336,000","-224,000","-366,000","-476,000",,,,,"0","1,593,000",,,,,,,,,,,,,,,,"-472,000","-466,000","-607,000","-16,884,000","9,588,000","1,708,000","4,464,000","11,286,000","-2,716,000","-4,384,000","208,000","71,000","-6,000",,,,,,,"-5,033,000","-1,000,000","-1,176,000","-1,443,000","2,315,000","375,000","8,119,000","2,314,000","77,053,000","3,826,000",,,"128,902,000","25,129,000","9,630,000","42,689,000",,"-202,520",,,,,,,,
		GainOnSaleOfBusiness,,,"0","0",,,"0","349,000",,,"0","3,256,000",,,,,,,,,,,,,,,,,,,,,,,,,,,,,,,,,,,,,,,,,,,,,,,,,,,,,,,,,,,,,,,,,,,,,,,,,,,,,,,,,,,,
	OtherNonOperatingIncomeExpenses,,,"-190,000","-313,000","-61,000","-62,000","-151,000","-735,000","-58,000","-452,000","-106,000","-78,000","-37,000","-112,000","-29,000","-28,000","2,112,000","-61,000","-154,000","-78,000","187,000","-40,000","227,000","-14,000","-64,000","-193,000","200,000","-24,000","-5,000","-73,000","80,000","-19,000","152,000","25,000","20,000","-111,000","225,000","8,000","4,000",,,,,,,,,,,,,,,,,,,,,,,,,,,,,,,,,,,,,,,,,,,,,,,,,,,,,,,,,
PretaxIncome,"6,395,000","37,202,000","-35,832,000","-28,577,000","33,602,000","29,346,000","-31,606,000","-10,950,000","-9,894,000","-247,974,000","-31,256,000","-74,717,000","22,912,000","66,155,000","-17,441,000","-14,555,000","36,064,000","47,506,000","-19,923,000","-16,567,000","5,795,000","34,181,000","-24,073,000","-21,961,000","11,438,000","31,932,000","-42,992,000","-16,937,000","7,599,000","34,981,000","-73,272,000","-4,532,000","14,050,000","40,547,000","1,490,000","-6,991,000","14,073,000","36,254,000","4,773,000","-1,462,000","15,353,000","18,864,000","6,659,000","3,364,000","6,384,000","3,265,000","18,230,000","-586,000","1,355,000","2,114,000","7,672,000","1,779,000","2,967,000","-4,834,000","-6,795,000","-9,352,000","2,134,000","-1,863,000","-20,986,000","-14,322,000","-28,416,000","547,000","-2,584,000","-58,405,000","1,919,000","5,444,000","12,504,000","10,810,000","16,351,000","96,228,000","18,707,000","13,374,000","13,443,000","5,449,000","10,418,000","1,930,000","-16,555,000","-1,237,000","-64,313,000","26,524,000","-13,625,000","-33,739,000","-102,110,000","-204,194,000","-70,784,000","-121,156,000","-95,936,686","-49,577,299","-31,222,477","-82,978,572",,,,,,
TaxProvision,"-8,336,000","2,582,000","-12,138,000","-774,000","1,994,000","1,700,000","19,094,000","15,256,000","-59,539,000","67,520,000","-48,584,000","-12,331,000","-8,124,000","3,985,000","-1,741,000","-818,000","907,000","1,963,000","-31,842,000","166,000","2,315,000","3,471,000","-10,184,000","-8,537,000","5,793,000","11,643,000","-13,526,000","-6,326,000","3,348,000","11,881,000","-5,239,000","-2,294,000","5,313,000","14,560,000","2,624,000","-510,000","5,667,000","12,646,000","953,000","936,000","5,655,000","7,458,000","-16,215,000","1,289,000","1,999,000","1,130,000","6,639,000","-484,000","685,000","570,000","-70,000","-32,000","82,000","201,000","445,000","548,000","-577,000","182,000","22,641,000","-684,000","-286,000","1,087,000","-30,201,000","-11,676,000","900,000","2,439,000","-25,418,000","-451,000","65,000","2,329,000","-150,000","18,000","71,000","32,000","530,000","339,000","-63,000","70,000","97,000","93,000","96,000","144,000","-80,000","557,000","137,000","50,000","-796,627","-878,461","6,598","17,520",,,,,,
NetIncomeCommonStockholders,"14,731,000","34,620,000","-23,694,000","-27,803,000","31,608,000","27,646,000","-50,700,000","-26,206,000","49,645,000","-315,494,000","17,328,000","-62,386,000","31,036,000","62,170,000","-15,981,000","-13,964,000","34,935,000","45,338,000","10,048,000","-16,897,000","3,304,000","30,584,000","-19,261,000","-54,119,000","-14,445,000","22,667,000","-56,814,000","-10,611,000","4,251,000","23,100,000","-68,033,000","-2,238,000","8,737,000","25,987,000","-1,134,000","-6,481,000","8,406,000","23,608,000","3,820,000","-2,398,000","9,698,000","11,406,000","22,874,000","2,075,000","-3,910,000","2,135,000","11,591,000","-102,000","670,000","1,544,000","7,742,000","1,811,000","2,885,000","-5,035,000","-7,934,000","-9,925,000","1,933,000","-2,827,000","55,506,000","-12,257,000","-28,130,000","-540,000","27,617,000","-46,729,000","1,019,000","3,005,000","37,922,000","11,261,000","16,286,000","93,899,000","18,857,000","13,356,000","13,505,000","36,683,000","9,888,000","1,591,000","-16,492,000","-1,307,000","-64,410,000","-26,617,000","-13,721,000","-240,502,000","-102,030,000","-204,751,000","-70,921,000","-124,377,000","-95,957,556","-48,698,838","-31,229,075","-83,715,308","-17,300,000","1,300,000","-5,000,000","-700,000","-5,500,000","-900,000"
	NetIncome,"14,731,000","34,620,000","-23,694,000","-27,803,000","31,608,000","27,646,000","-50,700,000","-26,206,000","49,645,000","-315,494,000","17,328,000","-62,386,000","31,036,000","62,170,000","-15,981,000","-13,964,000","34,935,000","45,338,000","10,048,000","-16,897,000","3,304,000","30,584,000","-19,261,000","-54,119,000","-14,445,000","22,667,000","-56,814,000","-10,611,000","4,251,000","23,100,000","-68,033,000","-2,238,000","8,737,000","25,987,000","-1,134,000","-6,481,000","8,406,000","23,608,000","3,820,000","-2,398,000","9,698,000","11,406,000","22,874,000","2,075,000","-3,910,000","2,135,000","11,591,000","-102,000","670,000","1,544,000","7,742,000","1,811,000","2,885,000","-5,035,000","-7,934,000","-9,925,000","1,933,000","-2,827,000","55,506,000","-12,257,000","-28,130,000","-540,000","27,617,000","-46,729,000","1,019,000","3,005,000","37,922,000","11,261,000","16,286,000","93,899,000","18,857,000","13,356,000","13,505,000","36,683,000","9,888,000","1,591,000","-16,492,000","-1,307,000","-64,410,000","-26,617,000","-13,721,000","-240,502,000","-102,030,000","-204,751,000","-70,921,000","-124,377,000","-95,957,556","-48,698,838","-31,229,075","-83,715,308","-17,300,000","1,300,000","-5,000,000","-700,000","-5,500,000","-900,000"
		NetIncomeIncludingNoncontrollingInterests,"14,731,000","34,620,000","-23,694,000","-27,803,000","31,608,000","27,646,000","-50,700,000","-26,206,000","49,645,000","-315,494,000","17,328,000","-62,386,000","31,036,000","62,170,000","-15,700,000","-13,737,000","35,157,000","45,543,000","11,919,000","-16,733,000","3,480,000","30,710,000","-19,029,000","-53,952,000","-14,330,000","22,811,000","-56,814,000","-10,611,000","4,251,000","23,100,000","-68,033,000","-2,238,000","8,737,000","25,987,000","-1,134,000","-6,481,000","8,406,000","23,608,000","3,820,000","-2,398,000","9,698,000","11,406,000","22,874,000","2,075,000","-3,910,000","2,135,000","11,591,000","-102,000","670,000","1,544,000","7,742,000","1,811,000","2,885,000","-5,035,000","-7,934,000","-9,925,000","1,933,000","-2,827,000","55,506,000","-12,257,000","-28,130,000","-540,000","27,617,000","-46,729,000","1,019,000","3,005,000","37,922,000","11,261,000","16,286,000","93,899,000","18,857,000","13,356,000","13,505,000","36,683,000","9,888,000","1,591,000","-16,492,000","-1,307,000","-64,410,000","-26,617,000","-13,721,000","-240,502,000","-102,013,000","-204,751,000","-70,921,000","-124,377,000","-97,030,933","-50,852,925","-34,674,364","-73,871,987","-17,300,000","1,300,000","-5,000,000","-700,000","-5,500,000","-900,000"
			NetIncomeContinuousOperations,"14,731,000","34,620,000","-23,694,000","-27,803,000","31,608,000","27,646,000","-50,700,000","-26,206,000","49,645,000","-315,494,000","17,328,000","-62,386,000","31,036,000","62,170,000","-15,700,000","-13,737,000","35,157,000","45,543,000","11,919,000","-16,733,000","3,480,000","30,710,000","-13,889,000","-13,424,000","5,645,000","20,289,000","-29,466,000","-10,611,000","4,251,000","23,100,000","-68,033,000","-2,238,000","8,737,000","25,987,000","-1,134,000","-6,481,000","8,406,000","23,608,000","3,820,000","-2,398,000","9,698,000","11,406,000","22,874,000","2,075,000","4,385,000","2,135,000","11,591,000","-102,000","670,000","1,544,000","7,742,000","1,811,000","2,885,000","-5,035,000","-7,240,000","-9,900,000","2,711,000","-2,045,000","-43,627,000","-13,638,000","-28,130,000","-540,000","27,617,000","-46,729,000","1,019,000","3,005,000","37,922,000","11,261,000","16,286,000","93,899,000","18,857,000","13,356,000","13,372,000","5,417,000","9,888,000","1,591,000","-16,492,000","-1,307,000","-64,410,000","-26,617,000","-13,721,000","-33,883,000","-102,030,000","-204,751,000","-70,921,000","-121,206,000","-95,140,059","-48,698,838","-31,229,075","-82,996,092","-17,300,000","1,300,000","-5,000,000","-700,000","-5,500,000","-900,000"
			NetIncomeDiscontinuousOperations,,,,,,,,,,,,,,,,,,,"0","0","0","0","-5,140,000","-40,528,000","-19,975,000","2,522,000","-34,470,000",,,,,,,,,,,,"0","0","0","0","0","0","-8,295,000",,,,,,"0","0","0","0","-694,000","-25,000","-778,000","-782,000","99,133,000","1,381,000",,,,,,,,,,,"0",,"133,000","31,266,000",,,,,,,,,,,,,,,,,,,,,,
			NetIncomeExtraordinary,,,,,,,,,,,,,,,,,,,,,,,,,,,,,,,,,,,,,,,,,,,,,,,,,,,,,,,,,,,,,,,,,,,,,,,,,,,,,,,"0",,,"-206,619,000","0",,,"-3,171,000","-817,497",,,"-719,216",,,,,,
		MinorityInterests,,,,,,,,,,,"0","0","0","0","-281,000","-227,000","-222,000","-205,000","-1,871,000","-164,000","-176,000","-126,000","-232,000","-167,000","-115,000","-144,000",,,,,,,,,,,,,,,,,,,,,,,,,,,,,,,,,,,,,,,,,,,,,,,,,,,,,,,,,,,,,"1,073,377","2,154,087","3,445,289","-9,843,321",,,,,,
AverageDilutionEarnings,,,,,,,,,,,,,,,,,,,,,,,,,,,,,,,,,,"0",,,"0","8,000",,,,,,,,,,,,,,,,,,,,,,,,,,,,,,,,,,,,,,,,,,,,,,,,,,,,,,,,,,
DilutedNIAvailtoComStockholders,"14,731,000","34,620,000","-23,694,000","-27,803,000","31,608,000","27,646,000","-50,700,000","-26,206,000","49,645,000","-315,494,000","17,328,000","-62,386,000","31,036,000","62,170,000","-15,981,000","-13,964,000","34,935,000","45,338,000","10,048,000","-16,897,000","3,304,000","30,584,000","-19,261,000","-54,119,000","-14,445,000","22,667,000","-56,814,000","-10,611,000","4,251,000","23,100,000","-68,033,000","-2,238,000","8,737,000","25,987,000","-1,134,000","-6,481,000","8,406,000","23,616,000","3,820,000","-2,398,000","9,698,000","11,406,000","22,874,000","2,075,000","-3,910,000","2,135,000","11,591,000","-102,000","670,000","1,544,000","7,742,000","1,811,000","2,885,000","-5,035,000","-7,934,000","-9,925,000","1,933,000","-2,827,000","55,506,000","-12,257,000","-28,130,000","-540,000","27,617,000","-46,729,000","1,019,000","3,005,000","37,922,000","11,261,000","16,286,000","93,899,000","18,857,000","13,356,000","13,505,000","36,683,000","9,888,000","1,591,000","-16,492,000","-1,307,000","-64,410,000","-26,617,000","-13,721,000","-240,502,000","-102,030,000","-204,751,000","-70,921,000","-124,377,000","-95,957,556","-48,698,838","-31,229,075","-83,715,308","-17,300,000","1,300,000","-5,000,000","-700,000","-5,500,000","-900,000"
BasicEPS,,"0.71","-0.49","-0.57","0.65","0.57","-1.05","-0.55","1.04","-6.6","0.36","-1.28","0.64","1.29","-0.38","-0.37","0.74","0.97","0.22","-0.37","0.08","0.73","-0.46","-1.3","-0.35","0.55","-1.39","-0.26","0.1","0.56","-1.67","-0.05","0.21","0.62","-0.03","-0.16","0.2","0.58","0.09","-0.06","0.24","0.29","0.6","0.07","-0.1","0.06",,"0","0.02","0.04",,"0.05","0.08","-0.14",,"-0.29","0.06","-0.08",,"-0.37","-0.86","-0.02",,"-1.49","0.03","0.1",,"0.35","0.49","2.84",,"0.42","0.42","1.16",,"0.05","-0.53","-0.04",,"-0.86","-0.4","-7.8",,"-6.4","-2.2","-3.8",,"-1.7","-1.4","-1.95",,"0.25","-0.75","-0.125",,"-0.25"
DilutedEPS,,"0.7","-0.49","-0.57","0.64","0.56","-1.05","-0.55","1.03","-6.6","0.36","-1.28","0.62","1.25","-0.38","-0.37","0.71","0.93","0.21","-0.37","0.07","0.67","-0.46","-1.3","-0.35","0.54","-1.39","-0.26","0.1","0.55","-1.67","-0.05","0.2","0.58","-0.03","-0.16","0.2","0.53","0.04","-0.06","0.23","0.28","0.59","0.07","-0.1","0.06",,"0","0.02","0.04",,"0.05","0.08","-0.14",,"-0.29","0.06","-0.08",,"-0.37","-0.86","-0.02",,"-1.49","0.03","0.09",,"0.32","0.44","2.52",,"0.37","0.37","1.03",,"0.05","-0.53","-0.04",,"-0.86","-0.4","-7.8",,"-6.4","-2.2","-3.8",,"-1.7","-1.4","-1.95",,"0.25","-0.75","-0.125",,"-0.25"
BasicAverageShares,,"48,513,000","48,834,000","48,707,000","48,508,000","48,261,000","48,107,000","48,039,000","47,941,000","47,827,000","47,689,000","48,652,000","48,555,000","48,161,000","48,002,000","47,712,000","47,221,000","46,641,000","46,231,000","45,459,000","43,644,000","42,145,000","41,766,000","41,635,000","41,405,000","41,171,000","40,979,000","40,950,000","40,918,000","40,987,000","40,820,000","41,034,000","41,570,000","42,162,000","41,566,000","41,088,000","41,050,000","40,911,000","40,789,000","40,511,000","40,116,000","39,692,000","39,448,000","38,568,000","37,422,000","36,339,000",,"35,969,000","35,751,000","35,466,000",,"35,035,000","35,044,000","34,853,000",,"34,479,000","34,334,000","34,298,000",,"33,158,000","32,626,000","31,461,000",,"31,316,000","31,239,000","31,083,000",,"31,958,000","33,108,000","33,054,000",,"32,183,000","31,915,000","31,568,000",,"31,337,000","31,153,000","30,979,000",,"30,912,000","30,904,000","30,860,000",,"32,072,100","32,502,700","32,329,900",,"29,245,113","23,032,282","43,424,021",,"19,023,200","18,943,600","17,152,400",,"16,913,600"
DilutedAverageShares,,"49,747,000","48,834,000","48,707,000","49,385,000","49,097,000","48,107,000","48,039,000","48,092,000","47,827,000","48,344,000","48,652,000","49,822,000","49,542,000","48,002,000","47,712,000","49,434,000","48,665,000","48,406,000","45,459,000","46,937,000","45,428,000","41,766,000","41,635,000","42,298,000","41,610,000","40,979,000","40,950,000","41,936,000","41,899,000","40,820,000","41,034,000","43,084,000","44,521,000","41,566,000","41,088,000","42,724,000","44,294,000","42,411,000","40,511,000","41,245,000","40,978,000","40,074,000","39,158,000","38,128,000","37,084,000",,"35,969,000","37,353,000","37,059,000",,"35,766,000","35,069,000","34,853,000",,"34,479,000","34,755,000","34,298,000",,"33,158,000","32,626,000","31,461,000",,"31,316,000","32,931,000","32,917,000",,"34,830,000","36,720,000","37,327,000",,"36,411,000","36,245,000","35,564,000",,"33,259,000","31,153,000","30,979,000",,"30,912,000","30,904,000","30,860,000",,"32,072,100","32,502,700","32,329,900",,"29,245,113","23,032,282","43,424,021",,"19,023,200","18,943,600","17,152,400",,"16,913,600"
TotalOperatingIncomeAsReported,"38,433,000","45,043,000","-27,954,000","-20,282,000","41,626,000","37,229,000","-23,688,000","1,013,000","-4,606,000","-241,839,000","-26,023,000","-72,111,000","28,030,000","70,113,000","-13,494,000","-10,692,000","38,823,000","52,734,000","-14,521,000","-11,326,000","29,995,000","43,889,000","-14,175,000","-10,508,000","22,354,000","39,446,000","-42,028,000","-13,662,000","12,176,000","38,707,000","-69,507,000","-1,324,000","17,774,000","44,616,000","138,212,000","-6,127,000",,,,,"15,353,000",,,,,,,,,"2,251,000","6,233,000","1,307,000","2,166,000","-90,000","-1,184,000","236,000","3,842,000","2,601,000","-24,646,000","-17,038,000","-32,800,000","-4,644,000","-7,965,000","-63,810,000","-2,804,000","1,572,000","9,148,000","7,836,000","13,359,000","16,074,000","16,877,000","12,407,000","12,267,000","4,006,000","9,704,000","1,080,000","-9,787,000","-2,879,000","-67,812,000","-22,698,000","-15,261,000","-18,906,000","30,293,000","-181,205,000","-61,265,000","-79,523,000","48,788,162","-51,933,906","-26,430,361","-10,910,776","-2,300,000","-1,100,000","-3,000,000","-1,800,000","-1,300,000","-900,000"
TotalExpenses,"849,576,000","260,844,000","202,000,000","192,215,000","194,517,000","233,051,000","166,542,000","164,064,000","162,904,000","228,852,000","167,420,000","163,468,000","156,527,000","155,655,000","114,755,000","106,077,000","119,023,000","152,942,000","111,995,000","101,391,000","108,836,000","136,197,000","97,106,000","93,745,000","97,754,000","126,319,000","-218,847,000","98,443,000","106,800,000","136,119,000","114,803,000","116,179,000","123,795,000","171,567,000","156,654,000","117,994,000","96,804,000","128,079,000","93,701,000","89,136,000","85,056,000","95,997,000","60,001,000","52,972,000","47,908,000","58,364,000","61,026,000","62,303,000","58,047,000","59,522,000","64,224,000","53,049,000","41,597,000","39,165,000","36,035,000","39,242,000","36,497,000","39,441,000","-35,053,000","65,163,000","104,999,000","92,120,000","92,757,000","102,319,000","98,650,000","88,702,000","77,392,000","75,389,000","69,822,000","70,948,000","59,719,000","54,990,000","45,832,000","43,034,000","35,930,000","37,315,000","37,658,000","39,312,000","103,195,000","55,213,000","48,527,000","52,050,000","-4,416,000","205,005,000","111,981,000","123,482,000","119,332,423","102,020,256","51,002,456","29,916,516","17,200,000","11,200,000","9,700,000","6,900,000","5,300,000","3,400,000"
NetIncomeFromContinuingAndDiscontinuedOperation,"14,731,000","34,620,000","-23,694,000","-27,803,000","31,608,000","27,646,000","-50,700,000","-26,206,000","49,645,000","-315,494,000","17,328,000","-62,386,000","31,036,000","62,170,000","-15,981,000","-13,964,000","34,935,000","45,338,000","10,048,000","-16,897,000","3,304,000","30,584,000","-19,261,000","-54,119,000","-14,445,000","22,667,000","-56,814,000","-10,611,000","4,251,000","23,100,000","-68,033,000","-2,238,000","8,737,000","25,987,000","-1,134,000","-6,481,000","8,406,000","23,608,000","3,820,000","-2,398,000","9,698,000","11,406,000","22,874,000","2,075,000","-3,910,000","2,135,000","11,591,000","-102,000","670,000","1,544,000","7,742,000","1,811,000","2,885,000","-5,035,000","-7,934,000","-9,925,000","1,933,000","-2,827,000","55,506,000","-12,257,000","-28,130,000","-540,000","27,617,000","-46,729,000","1,019,000","3,005,000","37,922,000","11,261,000","16,286,000","93,899,000","18,857,000","13,356,000","13,505,000","36,683,000","9,888,000","1,591,000","-16,492,000","-1,307,000","-64,410,000","-26,617,000","-13,721,000","-33,883,000","-102,030,000","-204,751,000","-70,921,000","-121,206,000","-95,140,059","-48,698,838","-31,229,075","-82,996,092","-17,300,000","1,300,000","-5,000,000","-700,000","-5,500,000","-900,000"
NormalizedIncome,"30,547,600","36,171,046","-20,860,532.987","-25,622,696.854","48,698,820.546","35,279,597.015","-41,718,810","-18,959,290","51,706,520","-113,789,890","23,946,180","-16,961,457.285","37,739,590","62,170,000","-15,233,852.474","-13,964,000","35,675,886.202","46,358,993.032","10,612,000","-16,723,600","14,192,586.713","34,239,802.639","-10,819,200","-12,294,506.033","6,112,600","17,691,792.277","-30,110,260.328","-10,817,117.908","4,821,600","22,785,669.363","-9,721,387.57","-2,670,250","8,737,000","25,987,000","2,389,650","2,103,474.324","9,799,800","23,381,388.205","1,643,088.204","475,000","9,392,904.318","11,406,000","22,899,350","2,084,252.378","4,385,000","2,135,000","11,591,000","-102,000","670,000","1,644,060.549","9,010,150","1,504,200","2,106,137.513","-5,432,800","2,394,950","-3,673,650","2,514,050","947,600","-28,836,250","-15,631,041.056","-34,122,078.055","-946,250","30,375,800","-497,653.249","-1,814,800","681,800","38,002,400","11,343,800","13,305,894.074","15,684,962.028","17,684,000","12,111,676.985","8,570,494.086","5,017,360.8","13,243,162.219","1,794,615.026","2,019,286.258","181,600","-17,723,400","-21,752,117.554","-14,193,200","-25,013,200","32,252,711.194","-184,123,000","-65,007,400","-94,029,000","-46,131,839.754","-41,423,810.629","-26,286,632.6","-45,661,407","-8,300,000","-200,000","-3,860,000","-1,300,000","-2,920,000","-900,000"
InterestIncome,,,"19,000","0","0","2,000","38,000","2,000","11,000","14,000","108,000","52,000","149,000","140,000","132,000","119,000","58,000","40,000","34,000","31,000","25,000","20,000","27,000","18,000","11,000","25,000","229,000","138,000","124,000","118,000","85,000","71,000","88,000","108,000","94,000","42,000","109,000","55,000","52,000","18,000","52,000","9,000","85,000","94,000",,,,,,,,,,,,,,,,,,,,,,,,,,,,,,,,,,,,,,,,,,,,,,,,,,,,
InterestExpense,"29,885,000","7,452,000","7,313,000","7,594,000","7,586,000","7,460,000","7,439,000","7,530,000","4,910,000","5,384,000","5,041,000","5,535,000","4,855,000","3,814,000","3,876,000","3,782,000","3,887,000","4,228,000","4,519,000","4,834,000","6,284,000","7,521,000","8,119,000","8,923,000","9,475,000","10,597,000","2,143,000","3,418,000","3,450,000","3,899,000","3,655,000","3,637,000","3,680,000","3,921,000","3,622,000","3,531,000","3,839,000","1,309,000","1,200,000","794,000","1,009,000","844,000",,,,,,,,,,,,,,,,,,,,,,,,,,,,,,,,,,,,,,,,,,,,,,,,,,,,,,
NetInterestIncome,"-31,412,000","-7,841,000","-7,688,000","-7,982,000","-7,963,000","-7,821,000","-7,767,000","-11,577,000","-5,230,000","-5,683,000","-4,085,000","-5,784,000","-5,081,000","-3,846,000","-3,085,000","-3,835,000","-4,113,000","-4,391,000","-4,683,000","-4,980,000","-6,586,000","-7,888,000","-8,492,000","-9,318,000","-9,881,000","-11,182,000","-2,104,000","-3,580,000","-3,621,000","-4,129,000","-3,860,000","-3,854,000","-3,876,000","-4,094,000","-3,795,000","-3,747,000","-4,206,000","-1,361,000","-1,968,000","-776,000","-957,000","-835,000","85,000","94,000",,,,,,,,,,,,,,,,,,,,,,,,,,,,,,,,,,,,,,,,,,,,,,,,,,,,
EBIT,"36,280,000","44,654,000","-28,519,000","-20,983,000","41,188,000","36,806,000","-24,167,000","-3,420,000","-4,984,000","-242,590,000","-26,215,000","-69,182,000","27,767,000","69,969,000","-13,565,000","-10,773,000","39,951,000","51,734,000","-15,404,000","-11,733,000","12,079,000","41,702,000","-15,954,000","-13,038,000","20,913,000","42,529,000","-40,849,000","-13,519,000","11,049,000","38,880,000","-69,617,000","-895,000","17,730,000","44,468,000","5,112,000","-3,460,000","17,912,000","37,563,000","5,973,000","-668,000","16,362,000","19,708,000","6,613,000","3,285,000","6,384,000","3,265,000","2,917,000","-586,000","1,355,000","2,251,000","6,233,000","1,307,000","2,166,000","-95,000","713,000","227,000","1,831,000","2,741,000","-13,177,000","-16,415,000","-34,469,000","-5,477,000","-3,438,000","-6,021,000","-2,804,000","1,572,000","9,148,000","7,836,000","13,359,000","16,074,000","19,955,000","12,161,000","8,616,000","5,047,000","10,924,000","952,000","676,000","-2,712,000","-67,034,000","-21,642,000","-15,261,000","-18,906,000","35,779,000","-171,954,000","-61,039,000","-76,917,000","-47,591,488","-44,325,127","-26,430,361","-10,910,776","-2,300,000","-1,100,000","-3,000,000","-1,800,000","-1,300,000","-900,000"
EBITDA,"80,593,000"
ReconciledCostOfRevenue,"489,950,000","127,557,000","123,027,000","121,925,000","117,441,000","113,258,000","105,437,000","98,068,000","86,185,000","105,731,000","102,473,000","103,322,000","90,279,000","65,326,000","67,726,000","63,551,000","64,780,000","67,333,000","65,749,000","60,765,000","59,188,000","59,498,000","57,418,000","56,071,000","52,882,000","55,329,000","-158,369,000","54,805,000","53,841,000","56,855,000","67,261,000","73,184,000","77,210,000","94,100,000","108,313,000","81,222,000","67,587,000","76,249,000","71,304,000","67,531,000","61,723,000","57,620,000","46,161,000","35,867,000","35,120,000","39,687,000","40,325,000","37,779,000","34,199,000","43,471,000","50,274,000","36,446,000","26,678,000","22,798,000","20,933,000","21,503,000","20,836,000","24,234,000","-33,390,000","24,957,000","36,388,000","48,342,000","50,733,000","56,095,000","54,001,000","48,720,000","44,524,000","43,196,000","39,763,000","39,243,000","46,874,000","24,537,000","22,424,000","20,104,000","5,059,000","3,673,000","3,815,000","4,565,000","4,303,000","4,001,000","4,580,000","4,833,000","10,046,000","103,437,000","5,903,000","7,431,000","7,141,503","10,363,743","2,860,704","1,959,115","1,600,000","1,200,000","200,000","-300,000","-400,000","500,000"
ReconciledDepreciation,"44,313,000","11,305,000","10,928,000","10,915,000","11,165,000","10,418,000","10,288,000","10,366,000","9,085,000","10,168,000","12,130,000","11,893,000","10,831,000","9,354,000","9,051,000","9,201,000","9,979,000","10,359,000","9,586,000","9,688,000","9,395,000","9,470,000","9,608,000","9,483,000","9,492,000","10,105,000","-5,116,000","8,774,000","9,490,000","9,442,000","9,377,000","9,378,000","9,056,000","8,864,000","8,852,000","7,216,000","6,085,000","6,112,000","6,061,000","6,171,000","6,204,000","4,575,000","1,266,000","3,363,000","1,239,000","1,588,000","1,694,000","1,870,000","1,764,000","1,763,000","1,812,000","1,818,000","1,811,000","1,811,000","1,957,000","2,160,000","1,731,000","1,487,000","-10,521,000","3,193,000","6,477,000","6,393,000","6,522,000","7,681,000","7,068,000","7,025,000","6,602,000","6,163,000","5,704,000","5,857,000","4,865,000","4,742,000","3,747,000","3,540,000","4,230,000","4,312,000","5,202,000","5,221,000","6,524,000","7,780,000","10,891,000","10,744,000","60,899,000","63,163,000","63,818,000","68,187,000","60,151,957","93,169,457","21,554,611","8,650,408","1,900,000","1,300,000","1,200,000","1,200,000","1,200,000",
NetIncomeFromContinuingOperationNetMinorityInterest,"14,731,000","34,620,000","-23,694,000","-27,803,000","31,608,000","27,646,000","-50,700,000","-26,206,000","49,645,000","-315,494,000","17,328,000","-62,386,000","31,036,000","62,170,000","-15,981,000","-13,964,000","34,935,000","45,338,000","10,048,000","-16,897,000","3,304,000","30,584,000","-14,121,000","-13,591,000","5,530,000","20,145,000","-29,466,000","-10,611,000","4,251,000","23,100,000","-68,033,000","-2,238,000","8,737,000","25,987,000","-1,134,000","-6,481,000","8,406,000","23,608,000","3,820,000","-2,398,000","9,698,000","11,406,000","22,874,000","2,075,000","4,385,000","2,135,000","11,591,000","-102,000","670,000","1,544,000","7,742,000","1,811,000","2,885,000","-5,035,000","-7,240,000","-9,900,000","2,711,000","-2,045,000","-43,627,000","-13,638,000","-28,130,000","-540,000","27,617,000","-46,729,000","1,019,000","3,005,000","37,922,000","11,261,000","16,286,000","93,899,000","18,857,000","13,356,000","13,372,000","5,417,000","9,888,000","1,591,000","-16,492,000","-1,307,000","-64,410,000","-26,617,000","-13,721,000","-33,883,000","-102,030,000","-204,751,000","-70,921,000","-121,206,000","-95,140,059","-48,698,838","-31,229,075","-82,996,092","-17,300,000","1,300,000","-5,000,000","-700,000","-5,500,000","-900,000"
TotalUnusualItemsExcludingGoodwill,"-26,361,000","-1,666,000","-4,285,000","-2,241,000","-18,169,000","-8,103,000","-12,303,000","-9,927,000","-2,824,000","-276,307,000","-9,066,000","-54,403,000","-9,183,000","0","-830,000","0","-760,000","-1,065,000","-940,000","-289,000","-18,132,000","-4,069,000","-5,503,000","-2,121,000","-971,000","3,861,000","940,000","329,000","-951,000","476,000","-62,802,000","665,000",,,"-5,421,000","-9,260,000","-2,323,000","348,000","2,720,000","-4,420,000","483,000",,"-39,000","-15,000",,,,"-427,000","3,522,000","-137,000","-1,951,000","472,000","801,000","612,000","-14,823,000","-9,579,000","303,000","-4,604,000","-22,755,000","2,093,000","6,053,000","625,000","-4,598,000","-57,783,000","4,723,000","3,872,000","-134,000","-138,000","2,992,000","80,154,000","1,955,000","1,246,000","4,827,000","402,000","-3,535,000","-247,000","-18,582,000","-2,481,000","-77,811,000","-4,882,000","787,000","-14,783,000","-134,388,000","-34,380,000","-9,856,000","-45,295,000","-49,418,575","-7,406,259","-8,237,404","-62,224,475","-15,000,000","2,500,000","-1,900,000","1,000,000","-4,300,000",
TotalUnusualItems,"-26,361,000","-1,666,000","-4,285,000","-2,241,000","-18,169,000","-8,103,000","-12,303,000","-9,927,000","-2,824,000","-276,307,000","-9,066,000","-54,403,000","-9,183,000","0","-830,000","0","-760,000","-1,065,000","-940,000","-289,000","-18,132,000","-4,069,000","-5,503,000","-2,121,000","-971,000","3,861,000","940,000","329,000","-951,000","476,000","-62,802,000","665,000",,,"-5,421,000","-9,260,000","-2,323,000","348,000","2,720,000","-4,420,000","483,000",,"-39,000","-15,000",,,,"-427,000","3,522,000","-137,000","-1,951,000","472,000","801,000","612,000","-14,823,000","-9,579,000","303,000","-4,604,000","-22,755,000","2,093,000","6,053,000","625,000","-4,598,000","-57,783,000","4,723,000","3,872,000","-134,000","-138,000","2,992,000","80,154,000","1,955,000","1,246,000","4,827,000","402,000","-3,535,000","-247,000","-18,582,000","-2,481,000","-77,811,000","-4,882,000","787,000","-14,783,000","-134,388,000","-34,380,000","-9,856,000","-45,295,000","-49,418,575","-7,406,259","-8,237,404","-62,224,475","-15,000,000","2,500,000","-1,900,000","1,000,000","-4,300,000",
NormalizedEBITDA,"106,954,000","57,625,000","-13,306,000","-7,827,000","70,522,000","55,327,000","-1,576,000","16,873,000","6,925,000","43,885,000","-5,019,000","-2,886,000","47,781,000","79,323,000","-3,684,000","-1,572,000","50,690,000","63,158,000","-4,878,000","-1,756,000","39,606,000","55,241,000","-843,000","-1,434,000","31,376,000","48,773,000","-46,905,000","-5,074,000","21,490,000","47,846,000","2,562,000","7,818,000","26,786,000","53,332,000","19,385,000","13,016,000","26,320,000","43,327,000","9,314,000","9,923,000","22,083,000","24,283,000","7,918,000","6,663,000","7,623,000","4,853,000","4,611,000","1,284,000","3,119,000","4,151,000","9,996,000","2,653,000","3,176,000","1,104,000","17,493,000","11,966,000","3,259,000","8,832,000","-943,000","-14,043,000","-34,045,000","291,000","7,682,000","59,443,000","-459,000","4,725,000","15,884,000","14,137,000","16,071,000","-58,223,000","22,865,000","15,657,000","7,536,000","8,185,000","18,689,000","5,511,000","24,460,000","4,990,000","17,301,000","-8,980,000","-5,157,000","6,621,000","231,066,000","19,566,000","12,635,000","36,565,000","70,289,182","56,250,589","3,361,654","59,964,107","14,600,000","-2,300,000","100,000","-1,600,000","4,200,000","-900,000"
TaxRateForCalcs,"0.4","0.069","0.339","0.027","0.059","0.058","0.27","0.27","0.27","0.27","0.27","0.165","0.27","0.06","0.1","0.056","0.025","0.041","0.4","0.4","0.399","0.102","0.4","0.389","0.4","0.365","0.315","0.374","0.4","0.34","0.072","0.35","0.378","0.359","0.35","0.073","0.4","0.349","0.2","0.35","0.368","0.395","0.35","0.383","0.313","0.346","0.364","0.35","0.35","0.27","0.35","0.35","0.028","0.35","0.35","0.35","0.35","0.35","0.35","0.048","0.01","0.35","0.4","0.2","0.4","0.4","0.4","0.4","0.004","0.024","0.4","0.001","0.005","0.006","0.051","0.176","0.004","0.4","0.4","0.004","0.4","0.4","0.001","0.4","0.4","0.4","0.008","0.018","0.4","0.4","0.4","0.4","0.4","0.4","0.4","0.4"
TaxEffectOfUnusualItems,"-10,544,400","-114,954","-1,451,532.987","-60,696.854","-1,078,179.454","-469,402.985","-3,321,810","-2,680,290","-762,480","-74,602,890","-2,447,820","-8,978,457.285","-2,479,410","0","-82,852.474","0","-19,113.798","-44,006.968","-376,000","-115,600","-7,243,413.287","-413,197.361","-2,201,200","-824,506.033","-388,400","1,407,792.277","295,739.672","122,882.092","-380,400","161,669.363","-4,490,387.57","232,750","0","0","-1,897,350","-675,525.676","-929,200","121,388.205","543,088.204","-1,547,000","177,904.318","0","-13,650","-5,747.622","0","0","0","0","0","-36,939.451","-682,850","165,200","22,137.513","214,200","-5,188,050","-3,352,650","106,050","-1,611,400","-7,964,250","99,958.944","60,921.945","218,750","-1,839,200","-11,551,653.249","1,889,200","1,548,800","-53,600","-55,200","11,894.074","1,939,962.028","782,000","1,676.985","25,494.086","2,360.8","-179,837.781","-43,384.974","-70,713.742","-992,400","-31,124,400","-17,117.554","314,800","-5,913,200","-105,288.806","-13,752,000","-3,942,400","-18,118,000","-410,355.754","-131,231.629","-3,294,961.6","-24,889,790","-6,000,000","1,000,000","-760,000","400,000","-1,720,000","0"