name,ttm,03/31/2022,12/31/2021,09/30/2021,06/30/2021,03/31/2021,12/31/2020,09/30/2020,06/30/2020,03/31/2020,12/31/2019,09/30/2019,06/30/2019,03/31/2019,12/31/2018,09/30/2018,06/30/2018,03/31/2018,12/31/2017,09/30/2017,06/30/2017,03/31/2017,12/31/2016,09/30/2016,06/30/2016,03/31/2016,12/31/2015,09/30/2015,06/30/2015,03/31/2015,12/31/2014,09/30/2014,06/30/2014,03/31/2014,12/31/2013,09/30/2013,06/30/2013,03/31/2013,12/31/2012,09/30/2012,06/30/2012,03/31/2012,12/31/2011,09/30/2011,06/30/2011,03/31/2011,12/31/2010,09/30/2010,06/30/2010,03/31/2010,12/31/2009,09/30/2009,06/30/2009,03/31/2009,12/31/2008,09/30/2008,06/30/2008,03/31/2008,12/31/2007,09/30/2007,06/30/2007,03/31/2007,12/31/2006,09/30/2006,06/30/2006,03/31/2006,12/31/2005,09/30/2005,06/30/2005,03/31/2005,12/31/2004,09/30/2004,06/30/2004,03/31/2004,12/31/2003,09/30/2003,06/30/2003,03/31/2003,12/31/2002,09/30/2002,06/30/2002,03/31/2002,12/31/2001,09/30/2001,06/30/2001,03/31/2001,12/31/2000,09/30/2000,06/30/2000,03/31/2000,12/31/1998,09/30/1998,06/30/1998,03/31/1998,12/31/1997,09/30/1997,06/30/1997,03/31/1997,09/30/1996,06/30/1996,03/31/1996,12/31/1995,09/30/1995,06/30/1995,03/31/1995,12/31/1994,09/30/1994,06/30/1994,03/31/1994,12/31/1993,09/30/1993,06/30/1993,03/31/1993,12/31/1992,09/30/1992,06/30/1992,03/31/1992,12/31/1991,09/30/1991,06/30/1991,03/31/1991,12/31/1990,09/30/1990,06/30/1990,03/31/1990,12/31/1989,09/30/1989,06/30/1989,03/31/1989,12/31/1988,09/30/1988
TotalRevenue,"138,529,000","36,220,000","37,305,000","33,800,000","31,204,000","16,847,000","14,726,000","11,279,000","9,920,000","12,162,000","8,296,000","6,604,000","6,701,000","5,770,000","5,456,189","5,293,075","5,177,854","3,814,882","3,134,444","2,963,411","2,557,765","2,366,201","2,249,790","2,135,197","1,989,988","1,852,017","1,819,503","1,631,926","1,496,759","1,500,722","1,670,396","1,243,372","1,211,900","2,065,030","2,288,880","2,170,491","2,330,018","2,160,012","2,048,220","1,681,480","1,097,409","835,880","809,564","715,518","622,848","610,799","575,994","524,892","467,771","512,909","480,600","447,360","276,528","377,112","419,031","307,870","277,963","317,634","320,802","240,455","203,517","207,488","175,903","123,953","156,318","147,045","200,451","160,474","134,092","119,702","161,437","154,874","146,247","164,151","89,940","174,523","112,768","228,280","331,972","138,007","99,125","302,584","307,599","247,288","313,180","475,949","356,685","199,757","233,906","399,157","369,748","700,000","700,000","500,000","1,071,386","700,000","900,000","1,000,000","1,000,000","1,143,950","2,000,000","1,700,000","2,000,000","2,694,186","3,000,000","4,600,000","3,300,000","3,500,000","2,800,000","3,700,000","3,400,000","3,200,000","1,600,000","700,000","400,000","0","100,000","100,000","100,000","0","100,000","100,000","100,000","0","100,000","100,000","100,000","0","100,000","100,000","100,000"
	OperatingRevenue,"138,529,000","36,220,000","37,305,000","33,800,000","31,204,000","16,847,000","14,726,000","11,279,000","9,920,000","12,162,000","8,296,000","6,604,000","6,701,000","5,770,000","5,456,189","5,293,075","5,177,854","3,814,882","3,134,444","2,963,411","2,557,765","2,366,201","2,249,790","2,135,197","1,989,988","1,852,017","1,819,503","1,631,926","1,496,759","1,500,722","1,670,396","1,243,372","1,211,900","2,065,030","2,288,880","2,170,491","2,330,018","2,160,012","2,048,220","1,681,480","1,097,409","835,880","809,564","715,518","622,848","610,799","575,994","524,892","467,771","512,909","480,600","447,360","276,528","377,112","419,031","307,870","277,963","317,634","320,802","240,455","203,517","207,488","175,903","123,953","156,318","147,045","200,451","160,474","134,092","119,702","161,437","154,874","146,247","164,151","89,940","174,523","112,768","228,280","331,972","138,007","99,125","302,584","307,599","247,288","313,180","475,949","356,685","199,757","233,906","399,157","369,748","700,000","700,000","500,000","1,071,386","700,000","900,000","1,000,000","1,000,000","1,143,950","2,000,000","1,700,000","2,000,000","2,694,186","3,000,000","4,600,000","3,300,000","3,500,000","2,800,000","3,700,000","3,400,000","3,200,000","1,600,000","700,000","400,000","0","100,000","100,000","100,000","0","100,000","100,000","100,000","0","100,000","100,000","100,000","0","100,000","100,000","100,000"
CostOfRevenue,"99,004,000","24,446,000","31,140,000","24,864,000","18,554,000","7,550,000","6,753,000","4,826,000","4,499,000","4,568,000","3,070,000","2,084,000","1,958,000","1,647,000","1,710,089","1,606,303","1,536,779","1,363,829","1,294,383","1,095,724","956,839","928,402","883,519","920,935","872,835","771,005","679,948","658,542","678,111","618,099","672,089","654,978","666,580","1,161,641","1,368,777","1,281,634","1,501,575","1,034,528","1,296,662","1,086,031","641,748","346,129","352,500","345,556","288,915","368,600","368,724","300,047","274,153","274,189","228,349","329,545","218,851","230,277","251,114","133,770","227,361","158,402","212,791","73,958","74,837","101,520","65,458","59,336","92,052","81,219","115,427","50,326","94,929","48,113","158,747","5,949","8,845",,,"3,598","8,733",,,,"25,685","82,037","285,703","89,164","151,785","202,238","74,430","53,354","74,104","67,069","576,141","300,000","200,000","200,000","818,602","300,000","600,000","200,000","400,000","1,364,122","800,000","600,000","800,000","1,061,998","1,000,000",,"1,500,000","1,500,000","1,400,000","1,800,000","2,000,000","2,000,000","1,100,000","900,000","700,000",,,"800,000",,,,,"500,000",,,,,,,,
GrossProfit,"39,525,000","11,774,000","6,165,000","8,936,000","12,650,000","9,297,000","7,973,000","6,453,000","5,421,000","7,594,000","5,226,000","4,520,000","4,743,000","4,123,000","3,746,100","3,686,772","3,641,075","2,451,053","1,840,061","1,867,687","1,600,926","1,437,799","1,366,271","1,214,262","1,117,153","1,081,012","1,139,555","973,384","818,648","882,623","998,307","588,394","545,320","903,389","920,103","888,857","828,443","1,125,484","751,558","595,449","455,661","489,751","457,064","369,962","333,933","242,199","207,270","224,845","193,618","238,720","252,251","117,815","57,677","146,835","167,917","174,100","50,602","159,232","108,011","166,497","128,680","105,968","110,445","64,617","64,266","65,826","85,024","110,148","39,163","71,589","2,690","148,925","137,402","164,151","102,872","170,925","104,035",,,,"73,440","220,547","21,896","158,124","161,395","273,711","282,255","146,403","159,802","332,088","-206,393","400,000","500,000","300,000","252,784","400,000","300,000","800,000","600,000","-220,172","1,200,000","1,100,000","1,200,000","1,632,188","2,000,000",,"1,800,000","2,000,000","1,400,000","1,900,000","1,400,000","1,200,000","500,000","-200,000","-300,000",,,"-700,000",,,,,"-400,000",,,,,,,,
OperatingExpense,"79,437,000","22,731,000","21,601,000","19,890,000","15,215,000","9,771,000","9,362,000","7,522,000","6,827,000","7,062,000","5,807,000","4,826,000","3,785,000","3,424,000","2,703,589","2,491,774","2,356,304","2,311,333","2,058,321","1,900,032","1,942,129","1,901,838","1,993,629","2,352,122","2,711,042","2,573,444","2,543,857","2,269,832","1,974,525","2,043,125","2,002,570","1,462,907","1,433,193","1,272,430","1,204,854","998,950","911,287","933,153","1,059,194","744,157","762,291","669,015","667,650","654,770","593,945","696,476","522,588","511,041","585,145","632,534","482,601","550,700","950,410","880,231","887,567","762,598","645,294","719,846","769,925","895,485","865,880","691,363","554,103","460,382","510,078","274,946","258,262","268,074","228,688","237,148","903","302,387","374,981","433,321","321,241","723,744","585,242","558,706","606,004","348,080","403,791","602,854","838,184","1,292,366","1,517,063","1,308,320","1,380,514","874,428","1,054,510","481,096","237,130","600,000","600,000","900,000","809,789","700,000","1,000,000","900,000","900,000","1,694,282","1,600,000","1,700,000","1,600,000","2,043,720","2,700,000",,"2,300,000","2,400,000","2,500,000","2,400,000","2,000,000","2,800,000","2,000,000","1,800,000","1,600,000",,,"500,000",,,,,"400,000",,,,,,,,
	SellingGeneralAndAdministration,"55,690,000","16,087,000","15,168,000","14,146,000","10,288,000","6,851,000","6,574,000","5,091,000","4,644,000","4,711,000","3,980,000","3,517,000","3,046,000","3,052,000","2,388,655","2,179,774","2,031,692","1,964,879","1,763,357","1,606,939","1,623,522","1,615,087","1,565,308","1,855,248","2,112,011","2,069,205","2,118,076","1,940,305","1,673,191","1,720,960","1,644,863","1,309,579","1,240,415","1,105,143","1,078,442","838,422","816,379","827,185","949,393","633,468","635,664","552,494","542,282","555,867","460,555","537,683","450,475","412,691","503,643","565,602","416,973","477,433","808,464","746,607","738,740","668,465","541,917","608,544","433,787","815,501","707,694","653,806","533,214","442,961","495,338","270,666","249,722","261,644","227,135","225,818","188,847","230,958","288,556","374,144","145,095","478,545","423,620","382,365","402,890","138,646","270,564","398,262","618,467","816,909","888,603","858,835","987,253","391,202","544,305","228,114","462,970","400,000","400,000","400,000","616,319","400,000","600,000","500,000","800,000","510,240","1,400,000","1,600,000","1,500,000","-555,966","2,500,000",,"2,200,000","2,300,000","2,400,000","2,300,000","1,900,000","2,900,000","1,900,000","1,700,000","1,500,000",,,"400,000",,,,,"400,000",,,,,,,,
		GeneralAndAdministrativeExpense,"38,814,000","11,196,000","10,390,000","10,081,000","7,146,000","4,830,000","4,691,000","3,503,000","3,278,000","3,135,000","2,314,000","2,258,000","2,118,000","2,204,000","1,751,526","1,454,573","1,390,524","1,353,377","1,224,018","1,118,251","1,077,067","1,103,143","954,902","1,039,223","1,262,818","1,335,292","1,354,123","1,263,272","1,030,701","1,220,705","1,125,396","1,011,316","969,799","863,743","862,591","630,342","601,617","624,427","709,965","487,733","475,006","479,113","473,085","500,424","401,423","454,375","350,867","321,337","386,626","442,574","325,035","345,270","597,426","623,026",,,,,,,,,,,,,,,,,,,,,,,,,,,,"381,243",,,,"396,718",,,,,,,,,,,,,,,,,,,,,,,,,,,,,,,,,,,,,,,,,,,,,
			OtherGandA,"38,814,000","11,196,000","10,390,000","10,081,000","7,146,000","4,830,000","4,691,000","3,503,000","3,278,000","3,135,000","2,314,000","2,258,000","2,118,000","2,204,000","1,751,526","1,454,573","1,390,524","1,353,377","1,224,018","1,118,251","1,077,067","1,103,143","954,902","1,039,223","1,262,818","1,335,292","1,354,123","1,263,272","1,030,701","1,220,705","1,125,396","1,011,316","969,799","863,743","862,591","630,342","601,617","624,427","709,965","487,733","475,006","479,113","473,085","500,424","401,423","454,375","350,867","321,337","386,626","442,574","325,035","345,270","597,426","623,026",,,,,,,,,,,,,,,,,,,,,,,,,,,,"381,243",,,,"396,718",,,,,,,,,,,,,,,,,,,,,,,,,,,,,,,,,,,,,,,,,,,,,
		SellingAndMarketingExpense,"16,876,000","4,891,000","4,778,000","4,065,000","3,142,000","2,021,000","1,883,000","1,588,000","1,366,000","1,576,000","1,666,000","1,259,000","928,000","848,000","637,129","725,201","641,168","611,502","539,339","488,688","546,455","511,944","610,406","816,025","849,193","733,913","763,953","677,033","642,490","500,255","519,467","298,263","270,616","241,400","215,851","208,080","214,762","202,758","239,428","145,735","160,658","73,381","69,197","55,443","59,132","83,308","99,608","91,354","117,017","123,028","91,938","132,163","211,038","123,581",,,,,,,,,,,,,,,,,,,,,,,,,,,,"17,019",,,,"462,117",,,,,,,,,,,,,,,,,,,,,,,,,,,,,,,,,,,,,,,,,,,,,
	ResearchAndDevelopment,"13,615,000","3,781,000","3,571,000","3,219,000","3,045,000","1,987,000","1,855,000","1,725,000","1,477,000","1,663,000","748,000","1,309,000","739,000","372,000","314,934","312,000","324,612","346,454","294,964","293,093","318,607","286,751","428,321","496,874","599,031","504,239","425,781","329,527","301,334","322,165","357,707","153,328","192,778","167,287","126,412","160,528","94,908","105,968","109,801","110,689","126,627","116,521","125,368","98,903","133,390","158,793","72,113","98,350","81,502","66,932","65,628","73,267","141,946","133,624","148,827","94,133","103,377","111,302","137,648","79,984","158,186","37,557","20,889","17,421","14,740","4,280","8,540","6,430","1,553","11,330","-187,944","71,429","86,425","59,177","176,146","245,199","161,622","176,341","203,114","209,434","133,228","204,591","219,717","475,457","628,460","449,485","320,820","415,900","450,155","186,625","74,160","100,000","100,000","400,000","493,470","200,000","300,000","300,000",,,,,,,,,,,,,,,,,,,,,,,,,,,,,,,,,
	DepreciationAmortizationDepletionIncomeStatement,"10,132,000","2,863,000","2,862,000","2,525,000","1,882,000","933,000","933,000","706,000","706,000","688,000",,,,,,,,,,,,,,,,,,,,,,,,,,,,,,,,,,,,,,,,,,,,,,,,"43,750",,,,,,,,,,,,,,,,,,,,,,,,,,,,"59,809","72,441","67,326","60,050","66,357",,"100,000","100,000","100,000",,"100,000","100,000","100,000","100,000",,"200,000","100,000","100,000",,"200,000",,"100,000","100,000","100,000","100,000","100,000","-100,000","100,000","100,000","100,000",,,"100,000",,,,,,,,,,,,,
		DepreciationAndAmortizationInIncomeStatement,"10,132,000","2,863,000","2,862,000","2,525,000","1,882,000","933,000","933,000","706,000","706,000","688,000",,,,,,,,,,,,,,,,,,,,,,,,,,,,,,,,,,,,,,,,,,,,,,,,"43,750",,,,,,,,,,,,,,,,,,,,,,,,,,,,"59,809","72,441","67,326","60,050","66,357",,"100,000","100,000","100,000",,"100,000","100,000","100,000","100,000",,"200,000","100,000","100,000",,"200,000",,"100,000","100,000","100,000","100,000","100,000","-100,000","100,000","100,000","100,000",,,"100,000",,,,,,,,,,,,,
			DepreciationIncomeStatement,,,,,,,,,,,,,,,,,,,,,,,,,,,,,,,,,,,,,,,,,,,,,,,,,,,,,,,,,,,,,,,,,,,,,,,,,,,,,,,,,,,,,,,,,,,,"100,000","100,000","100,000",,"100,000","100,000","100,000","100,000",,"200,000","100,000","100,000",,"200,000",,"100,000","100,000","100,000","100,000","100,000","-100,000","100,000","100,000","100,000",,,"100,000",,,,,,,,,,,,,
			Amortization,"10,132,000","2,863,000","2,862,000","2,525,000","1,882,000","933,000","933,000","706,000","706,000","688,000",,,,,,,,,,,,,,,,,,,,,,,,,,,,,,,,,,,,,,,,,,,,,,,,"43,750",,,,,,,,,,,,,,,,,,,,,,,,,,,,,,,,,,,,,,,,,,,,,,,,,,,,,,,,,,,,,,,,,,,,,,,,,
				AmortizationOfIntangiblesIncomeStatement,"10,132,000","2,863,000","2,862,000","2,525,000","1,882,000","933,000","933,000","706,000","706,000","688,000",,,,,,,,,,,,,,,,,,,,,,,,,,,,,,,,,,,,,,,,,,,,,,,,"43,750",,,,,,,,,,,,,,,,,,,,,,,,,,,,,,,,,,,,,,,,,,,,,,,,,,,,,,,,,,,,,,,,,,,,,,,,,
	OtherOperatingExpenses,,,,,,,,,,,,,,,,,,,,,,,,,,,,,,,,,,,,,,,,,,,,,,,,,,,,,,,,,,"-43,750",,,,,,,,,,,,,,,,,,,,,,,"-1","1",,,,"-59,809",,,,,,,,,,,,,,,,,,,,,,,,,,,,,,,,,,,,,,,,,,,,,
OperatingIncome,"-39,912,000","-10,957,000","-15,436,000","-10,954,000","-2,565,000","-474,000","-1,389,000","-1,069,000","-1,406,000","532,000","-581,000","-306,000","958,000","699,000","1,042,511","1,194,998","1,284,771","139,720","-218,260","-32,345","-341,203","-464,039","-627,358","-1,137,860","-1,593,889","-1,492,432","-1,404,302","-1,296,448","-1,155,877","-1,160,502","-1,004,263","-874,513","-887,873","-369,041","-284,751","-110,093","-82,844","192,331","-307,636","-148,708","-306,630","-179,264","-210,586","-284,808","-260,012","-454,277","-315,318","-286,196","-391,527","-393,814","-230,350","-432,885","-892,733","-733,396","-719,650","-588,498","-594,692","-560,614","-661,914","-728,988","-737,200","-585,395","-443,658","-395,765","-445,812","-209,120","-173,238","-157,926","-189,525","-165,559","1,787","-153,462","-237,579","-269,170","-218,369","-552,819","-481,207","-330,426","-248,386","-210,073","-330,351","-382,307","-816,288","-1,134,242","-1,355,668","-1,034,609","-1,098,259","-728,025","-894,708","-149,008","-443,523","-200,000","-100,000","-600,000","-557,005","-300,000","-700,000","-100,000","-300,000","-1,914,454","-400,000","-600,000","-400,000","-411,532","-700,000","4,600,000","-500,000","-400,000","-1,100,000","-500,000","-600,000","-1,600,000","-1,500,000","-2,000,000","-1,900,000","-5,100,000","100,000","-1,200,000","100,000","-2,800,000","100,000","100,000","-800,000","-1,800,000","100,000","100,000","100,000","-400,000","100,000","100,000","100,000"
NetNonOperatingInterestIncomeExpense,"-579,000","-163,000","-101,000","-194,000","-121,000","-16,000","-1,000","13,000","18,000","28,000","89,000","109,000","136,000","168,000","158,817","78,460","31,205","7,518","-41,954","-68,638","-166,904","-176,883","-151,904","-126,902","-125,823","1,919","3,305","4,729","5,482","8,237","8,650","7,658","4,517","-190,330","-199,817","-199,817","-199,662","-199,507","-264,094","-185,554","-183,543","-178,777","-173,525","-171,657","-165,237","-160,521","-155,320","-150,536","-145,617","-136,336","-134,575","-128,124","-118,072","-106,172",,,,,,,,,,,,,,,,,,,,,,,,,,,,,,,,,,,,,,,,,,,,,,,,,,,,,,,,,,,,,,,,,,,,,,,,,,,,,
	InterestIncomeNonOperating,,,,,,,"-5,000","16,000","18,000","29,000","89,000","110,000","137,000","171,000","160,272","79,773","32,537","8,418","123","103","76","48","26","30","445","1,919","3,305","4,729","5,482","8,237","8,650","7,658","4,517",,,,,,,,,,"3","20","2","21","53","27","76","36","26","168","195","681",,,,,,,,,,,,,,,,,,,,,,,,,,,,,,,,,,,,,,,,,,,,,,,,,,,,,,,,,,,,,,,,,,,,,,,,,,,,,
	InterestExpenseNonOperating,"4,000",,,,,,,"3,000","0","1,000","0","1,000","1,000","3,000","1,455","1,313","1,332","900","1,077","1,077","104,582","83,333","58,333","33,334","8,333",,,"0","0","0","0","0","0","177,308","185,555","185,554","185,555","185,555","185,555","185,554","183,543","178,777","173,528","171,677","165,239","160,542","155,373","150,563","145,693","136,372","134,601","128,292","118,267","106,853",,,,,,,,,,,,,,,,,,,,,,,,,,,,,,,,,,,,,,,,,,,,,,,,,,,,,,,,,,,,,,,,,,,,,,,,,,,,,
	TotalOtherFinanceCost,"579,000","163,000","101,000","194,000","121,000","16,000",,,,,,,,,,,,,"41,000","67,664","62,398","93,598","93,597","93,598","117,935",,,,,,"0",,,"13,022","14,262","14,263","14,107","13,952",,,,,,,,,,,,,,,,,,,,,,,,,,,,,,,,,,,,,,,,,,,,,,,,,,,,,,,,,,,,,,,,,,,,,,,,,,,,,,,,,,,,,,,,,,,,,
OtherIncomeExpense,"6,191,000","3,455,000","-1,513,000","6,239,000","-1,990,000","-628,000","-4,002,000","-77,000","-14,992,000","21,748,000","-13,287,000","9,513,000","-256,000","-440,000","-308,757","-42,689","-176,798","-143,756","-297,672","-217,735","-260,105","-229,368","-2,785,910","-1,213",,,,,,,"0","4,400",,,,,,,"60,142","-17,966","-8,720","61,164","-27,059","-22,203","-11,430","-15,324","0",,,"-1,626","9,691","-1,612","-2,123",,"-43,750",,"10,495",,"-205,810","97","400","1,000","406,388",,"2,985","901",,,,"2,782",,,,"16,757","214,672","0",,"3,200",,,,,,,,,,,,,,,,,,,"100,000",,,,,,,,,,,,,,,"0",,"100,000","100,000",,,"100,000",,,,,"100,000",,,,,,,,
	GainOnSaleOfSecurity,,,"0",,,"-121,000","-657,000","105,000","-16,442,000","21,914,000",,,,,,,,,,,,,,,,,,,,,,,,,,,,,,,,,,,,,,,,,,,,,,,,,,,,,,,,,,,,,,,,,,,,,,,,,,,,,,,,,,,,,,,,,,,,,,,,,,,,,,,,,,,,,,,,,,,,,,,,,
	EarningsFromEquityInterest,,,,,,,"0","0","0","0","0","-291,000","-217,000","-232,000","-308,757","-42,689","-176,798","-143,756","-297,672","-217,735","-260,105","-229,368",,,,,,,,,,,,,,,,,,,,,,,,,,,,,,,,,,,,,,,,,,,,,,,,,,,,,,,,,,,,,,,,,,,,,,,,,,,,,,,,,,,,,,,,,,,,,,,,,,,,,,,,,,,,,
	SpecialIncomeCharges,"5,771,000","3,324,000","-1,809,000","6,246,000","-1,990,000","-507,000","-3,354,000","-177,000","1,450,000","-162,000","-439,000","9,804,000","-39,000","-208,000",,,,,,,,,"-2,785,910","-1,213",,,,"0",,,"0","4,400",,,"0","0","0","0","-34,111","-17,966","-8,720","61,164","-27,059","-22,203","-11,430","-15,324","0","0","0","-1,626","9,691","-1,612","-2,123","0","-43,750",,"10,495",,"-205,810","97","400","1,000","406,388",,"2,985","901",,,,"2,782",,,,"16,757","214,672",,,"3,200",,,,,,,,,,,,,,,,,,,"100,000",,,,,,,,,,,,,,,"0",,"100,000","100,000",,,"100,000",,,,,"100,000",,,,,,,,
		RestructuringAndMergernAcquisition,"-5,771,000","-3,324,000","1,809,000","-6,246,000","1,990,000","507,000","3,354,000","177,000","-1,450,000","162,000","452,000","-9,817,000","39,000","208,000",,,,,,,,,,,,,,,,,,,,,,,,,,,,,,,,,,,,,,,,,,,,,,,,,,,,,,,,,,,,,,,,,,,,,,,,,,,,,,,,,,,,,,,,,,,,,,,,,,,,,,,,,,,,,,,,,,,,,
		OtherSpecialCharges,,,,,,,,,,,"-264,000",,,,,,,,,,,,,,,,,,,,,,,,,,,,,"18,397","8,720","-61,227","27,342","20,307","11,430","15,324",,,,,,,,,,,,,,,,,,,,,,,,,,,,,,,,,,,,,,,,,,,,,,,,,,,,,,,,,,,,,,,,,,,,,,,,,,,,,,,,,,,,,
		GainOnSaleOfBusiness,,,,,,,,,,,,,,,,,,,,,,,"-2,786,000",,,,,,,,,,,,,,,,,,,,,,,,,,,,,,,,,,,,,,,,,,,,,,,,,,,,,,,,,,,,,,,,,,,,,,,,,,,,,,,,,,,,,,,,,,,,,,,,,,,,,,,,,,,,
		GainOnSaleOfPPE,,,,,,,,,,,,"-13,000",,,,,,,,,,,"0","-1,213",,,,"0",,,"0","4,400",,,"0","0","0","0","0","431","0","-63","283","-1,896",,"0","0","0","0","-1,626","-1","-1,612","-2,123",,,,,,,,,,,,,,,,,,,,,,,,,,,,,,,,,,,,,,,,,,,,,,,,,,,,,,,,,,,,,,,,,,,,,,,,,,,,,,
	OtherNonOperatingIncomeExpenses,,"131,000","296,000","-7,000","-121,000","-16,000","-1,000","-5,000","18,000","-4,000","89,000",,,,"159,000",,,,"-42,000",,,,"-152,000",,,,,,,,"8,650",,,,,,,,,,,,,,,,,,,,,,,,,,,,,,,,,,,,,,,,,,,,,,,,,,,,,,,,,,,,,,,,,,,,,,,,,,,,,,,,,,,,,,,,,,,,,,,,,,,,
PretaxIncome,"-34,300,000","-7,665,000","-17,050,000","-4,909,000","-4,676,000","-1,118,000","-5,392,000","-1,133,000","-16,380,000","22,308,000","-13,779,000","9,316,000","838,000","427,000","892,571","1,230,769","1,139,178","3,482","-557,886","-318,718","-768,212","-870,290","-3,565,172","-1,265,975","-1,719,712","-1,490,513","-1,400,997","-1,291,719","-1,150,395","-1,152,265","-995,613","-862,455","-883,356","-559,371","-484,568","-309,910","-282,506","-7,176","-511,588","-352,228","-498,893","-296,877","-411,170","-478,668","-436,679","-630,122",,,"-537,144",,,,,,,,,,,,,,,,,,,,"-187,483","-162,777","-101,643","-150,178","-233,494","-257,847","107,955","-569,069","-494,471","-333,476",,,,"-382,205",,,,,,,,,,,,,,,,,,,,,,,,,,,,,,,,,,,,,,,,,,,,,,,,,
TaxProvision,"-20,717,000","-599,000","-2,578,000","-4,988,000","-12,552,000","0","-3,264,000","0",,"0","-1,541,000",,,,,,"0",,,,,,,,,,,,,,,,,,,,,,,,,,,,,,,,,,,,,,,,,,,,,,,,,,,,,,,,,,,,,,,,,,,,,,,,,,,,,,,,,,,,,,,,,,,,,,,,,,,,,,,,,,,,,,,,,,
NetIncomeCommonStockholders,"-13,583,000","-7,066,000","-14,472,000","79,000","7,661,000","-1,118,000","-1,655,000","-1,133,000","-16,380,000","18,364,000","-12,238,000","9,316,000","838,000","427,000","832,754","1,151,094","1,045,920","-102,768","-664,136","-424,968","-768,212","-870,290","-3,323,534","-969,001","-1,356,083","-1,226,828","-1,119,387","-1,068,688","-994,379","-1,031,482","-912,568","-862,455","-883,356","-559,371","-484,568","-309,910","-282,506","-7,176","-511,588","-352,228","-498,893","-296,877","-411,170","-478,668","-436,679","-630,122","-470,638","-436,732","-537,144","-531,776","-355,234","-562,621","-1,012,928","-839,568","-804,270","-662,825","-662,494","-645,527","-745,917","-761,599","-752,729","-591,530","-36,747","-396,929","-489,328","-211,014","-170,826","-156,952","-187,483","-162,777","-101,643","-150,178","-233,494","-257,847","-413,045","-569,069","-494,471","-333,476","-290,684","-303,007","2,095,758","-382,205","-830,036","-1,134,280","-1,370,613","-1,075,328","-1,089,126","-675,065","-853,734","-154,002","-368,341","-100,000","-100,000","-700,000","-589,993","-300,000","-600,000","-100,000","-300,000","-2,004,247","-400,000","-600,000","-400,000","-830,725","-600,000","-300,000","-500,000","-300,000","-1,200,000","-600,000","-500,000","-1,700,000","-1,400,000","-1,800,000","-1,700,000","-1,500,000","-1,200,000","-1,200,000","-700,000","-600,000","-500,000","-700,000","-800,000","-800,000","-300,000","-400,000","-200,000","-200,000","-100,000","-100,000","-100,000"
	NetIncome,"-13,583,000","-7,066,000","-14,472,000","79,000","7,876,000","-1,118,000","-2,128,000","-1,133,000","-16,380,000","22,308,000","-12,238,000","9,316,000","838,000","427,000","892,571","1,230,769","1,139,178","3,482","-557,886","-318,718","-768,212","-870,290","-3,323,534","-969,001","-1,356,083","-1,226,828","-1,119,387","-1,068,688","-994,379","-1,031,482","-912,568","-862,455","-883,356","-559,371","-484,568","-309,910","-282,506","-7,176","-511,588","-352,228","-498,893","-296,877","-411,170","-478,668","-436,679","-630,122","-470,638","-436,732","-537,144","-531,776","-355,234","-562,621","-1,012,928","-839,568","-804,270","-662,825","-662,494","-645,527","-745,917","-761,599","-752,729","-591,530","-36,747","-396,929","-489,328","-211,014","-170,826","-156,952","-187,483","-162,777","-101,643","-150,178","-233,494","-257,847","107,955","-569,069","-494,471","-333,476","-290,684","-303,007","2,095,758","-382,205","-830,036","-1,134,280","-1,370,613","-1,075,328","-1,089,126","-675,065","-853,734","-154,002","-368,341","-100,000","-100,000","-700,000","-589,993","-300,000","-600,000","-100,000","-300,000","-2,004,247","-400,000","-600,000","-400,000","-830,725","-600,000","-300,000","-500,000","-300,000","-1,200,000","-600,000","-500,000","-1,700,000","-1,400,000","-1,800,000","-1,700,000","-1,500,000","-1,200,000","-1,200,000","-700,000","-600,000","-500,000","-700,000","-800,000","-800,000","-300,000","-400,000","-200,000","-200,000","-100,000","-100,000","-100,000"
		NetIncomeIncludingNoncontrollingInterests,"-13,583,000","-7,066,000","-14,472,000","79,000","7,876,000","-1,118,000","-2,128,000","-1,133,000","-16,380,000","22,308,000","-12,238,000","9,316,000","838,000","427,000","892,571","1,230,769","1,139,178","3,482","-557,886","-318,718","-768,212","-870,290","-3,565,172","-1,265,975","-1,719,712","-1,490,513","-1,400,997","-1,291,719","-1,150,395","-1,152,265","-995,613","-862,455","-883,356","-559,371","-484,568","-309,910","-282,506","-7,176","-511,588","-352,228","-498,893","-296,877","-411,170","-478,668","-436,679","-630,122","-470,638","-436,732","-537,144","-531,776","-355,234","-562,621","-1,012,928","-839,568","-804,270","-662,825","-662,494","-645,527","-745,917","-761,599","-752,729","-591,530","-36,747","-396,929","-489,328","-211,014","-170,826","-156,952","-187,483","-162,777","-101,643","-150,178","-233,494","-257,847","107,955","-569,069","-494,471","-333,476","-290,684","-303,007","2,095,758","-382,205","-830,036","-1,134,280","-1,370,613","-1,075,328","-1,089,126","-675,065","-853,734","-154,002","-368,341","-100,000","-100,000","-700,000","-589,993","-300,000","-600,000","-100,000","-300,000","-2,004,247","-400,000","-600,000","-400,000","-830,725","-600,000","-300,000","-500,000","-300,000","-1,200,000","-600,000","-500,000","-1,700,000","-1,400,000","-1,800,000","-1,700,000","-1,500,000","-1,200,000","-1,200,000","-700,000","-600,000","-500,000","-700,000","-800,000","-800,000","-300,000","-400,000","-200,000","-200,000","-100,000","-100,000","-100,000"
			NetIncomeContinuousOperations,"-13,583,000","-7,066,000","-14,472,000","79,000","7,876,000","-1,118,000","-2,128,000","-1,133,000","-16,380,000","22,308,000","-12,238,000","9,316,000","838,000","427,000","892,571","1,230,769","1,139,178","3,482","-557,886","-318,718","-768,212","-870,290","-3,565,172","-1,265,975","-1,719,712","-1,490,513","-1,400,997","-1,291,719","-1,150,395","-1,152,265","-995,613","-862,455","-883,356","-559,371","-484,568","-309,910","-282,506","-7,176","-511,588","-352,228","-498,893","-296,877","-411,170","-478,668","-436,679","-630,122","-470,638","-436,732","-537,144","-531,776","-355,234","-562,621","-1,012,928","-839,568","-804,270","-662,825","-662,494","-645,527","-745,917","-761,599","-752,729","-591,530","-36,747","-396,929","-489,328","-211,014","-170,826","-156,952","-187,483","-162,777","-101,643","-150,178","-233,494","-257,847","107,955","-569,069","-494,471","-333,476","63,305","-210,073","-330,351","-382,205","-830,036","-1,134,280","-1,370,613","-1,075,328","-1,089,126","-675,065","-853,734","-154,002","-368,341","-100,000","-100,000","-700,000","-589,993","-300,000","-600,000","-100,000","-300,000","-2,004,247","-400,000","-600,000","-400,000","-830,725","-600,000","-300,000","-500,000","-300,000","-1,200,000","-600,000","-500,000","-1,700,000","-1,400,000","-1,800,000","-1,700,000","-1,500,000","-1,200,000","-1,200,000","-700,000","-600,000","-500,000","-700,000","-800,000","-800,000","-300,000","-400,000","-200,000","-200,000","-100,000","-100,000","-100,000"
			NetIncomeDiscontinuousOperations,,,,,,,,,,,,,,,,,,,,,,,,,,,,,,,,,,,,,,,,,,,,,,,,,,,,,,,,,,,,,,,,,,,,,,,,,,,,,,,"-353,989","-92,934","2,426,109",,,,,,,,,,,,,,,,,,,,,,,,,,,,,,,,,,,,,,,,,,,,,,,,,,
		MinorityInterests,,,,,,,,,,,,,,,,,,,,"0",,,"241,638","296,974","363,629","263,685","281,610","223,031","156,016","120,783","83,045",,,,,,,,,,,,,,,,,,,,,,,,,,,,,,,,,,,,,,,,,,,,,,,,,,,,,,,,,,,,,,,,,,,,,,,,,,,,,,,,,,,,,,,,,,,,,,,,,,,,
	PreferredStockDividends,,,,,,,,,,,,,,,"59,817","79,675","93,258","106,250","106,250","106,250",,,,,,,,,,,,,,,,,,,,,,,,,,,,,,,,,,,,,,,,,,,,,,,,,,,,,,,,,,,,,,,,,,,,,,,,,,,,,,,,,,,,,,,,,,,,,,,,,,,,,,,,,,,,,,,
	OtherunderPreferredStockDividend,,,,,"215,000",,,,,,,,,,,,,,,,,,,,,,,,,,,,,,,,,,,,,,,,,,,,,,,,,,,,,,,,,,,,,,,,,,,,,,,,,,,,,,,,,,,,,,,,,,,,,,,,,,,,,,,,,,,,,,,,,,,,,,,,,,,,,,
AverageDilutionEarnings,,,,,,,,"0","0","-18,538,000",,,,,,,,,,,,,,,,,,,,,,,,,,,,,,,,,,,,,,,,,,,,,,,,,,,,,,,,,,,,,,,,,,,,,,,,,,,,,,,,,,,,,,,,,,,,,,,,,,,,,,,,,,,,,,,,,,,,,,,,,
DilutedNIAvailtoComStockholders,"-13,583,000","-7,066,000","-14,472,000","79,000","7,661,000","-1,118,000","2,388,000","-1,133,000","-16,380,000","-174,000","-12,238,000","9,316,000","838,000","427,000","832,754","1,151,094","1,045,920","-102,768","-664,136","-424,968","-768,212","-870,290","-3,323,534","-969,001","-1,356,083","-1,226,828","-1,119,387","-1,068,688","-994,379","-1,031,482","-912,568","-862,455","-883,356","-559,371","-484,568","-309,910","-282,506","-7,176","-511,588","-352,228","-498,893","-296,877","-411,170","-478,668","-436,679","-630,122","-470,638","-436,732","-537,144","-531,776","-355,234","-562,621","-1,012,928","-839,568","-804,270","-662,825","-662,494","-645,527","-745,917","-761,599","-752,729","-591,530","-36,747","-396,929","-489,328","-211,014","-170,826","-156,952","-187,483","-162,777","-101,643","-150,178","-233,494","-257,847","-413,045","-569,069","-494,471","-333,476","-290,684","-303,007","2,095,758","-382,205","-830,036","-1,134,280","-1,370,613","-1,075,328","-1,089,126","-675,065","-853,734","-154,002","-368,341","-100,000","-100,000","-700,000","-589,993","-300,000","-600,000","-100,000","-300,000","-2,004,247","-400,000","-600,000","-400,000","-830,725","-600,000","-300,000","-500,000","-300,000","-1,200,000","-600,000","-500,000","-1,700,000","-1,400,000","-1,800,000","-1,700,000","-1,500,000","-1,200,000","-1,200,000","-700,000","-600,000","-500,000","-700,000","-800,000","-800,000","-300,000","-400,000","-200,000","-200,000","-100,000","-100,000","-100,000"
BasicEPS,,"-0.17","-0.37","0.002","0.2","-0.03","-0.06","-0.04","-0.7","0.87","0.02","0.47","0.04","0.02","0.05","0.07","0.07","-0.01","-0.05","-0.03","-0.06","-0.07","-0.26","-0.08","-0.11","-0.1","-0.09","-0.09","-0.08","-0.09","-0.08","-0.07","-0.07","-0.1",,"-0.062","-0.056","-0.001",,"-0.14","-0.14","0",,"-0.14","-0.14","-0.14",,"-0.14","-0.14","-0.14",,"-0.14","-0.14","-0.14",,"-0.14","-0.14","-0.14",,"-0.14","-0.14","-0.14",,"-0.14","-0.14","-0.28",,"-0.14","-0.28","-0.14",,"-0.14","-0.28","-0.28",,"-0.7","-0.56","-0.42",,"-0.28","1.54","-0.42",,"-1.26","-1.54","-1.26",,"-0.84","-1.4","-0.064",,"-0.042","-0.042","-0.293",,"-0.126","-0.252","-0.042","-0.156",,"-0.225","-0.338","-0.225",,,,,,,,,,,,,,"-0.676","-0.676","-0.394",,"-0.282","-0.394","-0.451",,"-0.169","-0.225","-0.113",,"-0.056","-0.056","-0.056"
DilutedEPS,,"-0.17","-0.37","0.002","0.19","-0.03","-0.06","-0.04","-0.7","-0.01","0.02","0.37","0.03","0.02","0.04","0.05","0.05","-0.01","-0.05","-0.03","-0.06","-0.07","-0.26","-0.08","-0.11","-0.1","-0.09","-0.09","-0.08","-0.09","-0.08","-0.07","-0.07","-0.1",,"-0.062","-0.056","-0.001",,"-0.14","-0.14","0",,"-0.14","-0.14","-0.14",,"-0.14","-0.14","-0.14",,"-0.14","-0.14","-0.14",,"-0.14","-0.14","-0.14",,"-0.14","-0.14","-0.14",,"-0.14","-0.14","-0.28",,"-0.14","-0.28","-0.14",,"-0.14","-0.28","-0.28",,"-0.7","-0.56","-0.42",,"-0.28","1.54","-0.42",,"-1.26","-1.54","-1.26",,"-0.84","-1.4","-0.064",,"-0.042","-0.042","-0.293",,"-0.126","-0.252","-0.042","-0.156",,"-0.225","-0.338","-0.225",,,,,,,,,,,,,,"-0.676","-0.676","-0.394",,"-0.282","-0.394","-0.451",,"-0.169","-0.225","-0.113",,"-0.056","-0.056","-0.056"
BasicAverageShares,,"42,014,055","41,675,256","40,940,880","38,072,712","33,236,818","32,960,437","31,639,420","23,292,635","21,010,817","20,613,360","19,735,364","18,819,459","18,648,397","18,415,000","17,273,412","15,180,169","14,098,610","13,744,000","13,238,248","13,100,820","12,964,639","12,798,000","12,699,419","12,568,041","12,457,858","12,304,540","12,157,575","12,144,776","12,100,588","12,077,163","12,042,739","12,010,361","5,568,802",,"5,007,623","5,002,580","4,991,001",,"4,977,162","4,977,162","4,977,162",,"4,977,162","4,977,162","4,977,162",,"4,977,162","4,977,162","4,977,162",,"4,974,305","4,974,305","4,974,305",,"4,974,305","4,974,305","4,971,924",,"4,971,924","4,971,924","4,929,595",,"4,912,400","4,337,294","886,663",,"886,663","886,663","886,663",,"886,663","886,663","886,663",,"886,663","886,663","886,663",,"886,663","886,663","886,663",,"886,663","886,663","886,663",,"860,083","583,862","2,418,178",,,"2,389,607","2,389,607",,,,"2,385,377","1,920,015",,,,"1,775,323",,,,,,,,,,,,,,"1,775,323","1,775,323","1,775,323",,"1,775,323","1,775,323","1,775,323",,"1,775,323","1,775,323","1,775,323",,"1,775,323","1,775,323","1,775,323"
DilutedAverageShares,,"42,014,055","41,675,256","43,325,549","40,390,098","33,236,818","32,960,437","31,639,420","23,292,635","21,010,817","22,893,473","25,343,112","24,539,299","24,358,475","23,725,000","23,656,633","20,374,358","14,098,610","13,744,000","13,238,248","13,100,820","12,964,639","12,798,000","12,699,419","12,568,041","12,457,858","12,304,540","12,157,575","12,144,776","12,100,588","12,077,163","12,042,739","12,010,361","5,568,802",,"5,007,623","5,002,580","4,991,001",,"4,977,162","4,977,162","4,977,162",,"4,977,162","4,977,162","4,977,162",,"4,977,162","4,977,162","4,977,162",,"4,974,305","4,974,305","4,974,305",,"4,974,305","4,974,305","4,971,924",,"4,971,924","4,971,924","4,929,595",,"4,912,400","4,337,294","886,663",,"886,663","886,663","886,663",,"886,663","886,663","886,663",,"886,663","886,663","886,663",,"886,663","886,663","886,663",,"886,663","886,663","886,663",,"2,418,178","2,418,178","2,418,178",,,"2,389,607","2,389,607",,,,"2,385,377","1,920,015",,,,"1,775,323",,,,,,,,,,,,,,"1,775,323","1,775,323","1,775,323",,"1,775,323","1,775,323","1,775,323",,"1,775,323","1,775,323","1,775,323",,"1,775,323","1,775,323","1,775,323"
TotalOperatingIncomeAsReported,"-40,592,000","-7,633,000","-17,245,000","-11,159,000","-4,555,000","-981,000","-4,743,000","-1,246,000","44,000","370,000","-1,033,000","-597,000","919,000","491,000","1,042,511","1,194,998","1,284,771","139,720","-218,260","-32,345","-341,203","-464,039","-627,358","-1,137,860","-1,593,889","-1,492,432","-1,404,302","-1,296,448","-1,155,877","-1,160,502","-1,004,263","-874,513","-887,873","-369,041","-284,751","-110,093","-82,844","192,331","-307,636","-148,708","-306,630","-179,264","-210,586","-284,808","-260,012","-454,277","-315,318","-286,196","-391,527","-393,814","-230,350","-432,885","-892,733","-733,396","-719,650","-588,498","-594,692","-560,614","-661,914","-728,988","-737,200","-585,395","-443,658","-395,765","-445,812","-209,120","-173,238","-157,926","-189,525","-165,559","1,787","-153,462","-237,579","-269,170","-218,369","-552,819","-481,207","-330,426","-248,386","-210,073","-330,351","-382,307","-816,288","-1,134,242","-1,355,668","-1,094,418","-1,098,259","-728,025","-894,708","-149,008",,,,,,,,,,,,,,,,,,,,,,,,,,,,,,,,,,,,,,,,,
TotalExpenses,"178,441,000","47,177,000","52,741,000","44,754,000","33,769,000","17,321,000","16,115,000","12,348,000","11,326,000","11,630,000","8,877,000","6,910,000","5,743,000","5,071,000","4,413,678","4,098,077","3,893,083","3,675,162","3,352,704","2,995,756","2,898,968","2,830,240","2,877,148","3,273,057","3,583,877","3,344,449","3,223,805","2,928,374","2,652,636","2,661,224","2,674,659","2,117,885","2,099,773","2,434,071","2,573,631","2,280,584","2,412,862","1,967,681","2,355,856","1,830,188","1,404,039","1,015,144","1,020,150","1,000,326","882,860","1,065,076","891,312","811,088","859,298","906,723","710,950","880,245","1,169,261","1,110,508","1,138,681","896,368","872,655","878,248","982,716","969,443","940,717","792,883","619,561","519,718","602,130","356,165","373,689","318,400","323,617","285,261","159,650","308,336","383,826","433,321","308,309","727,342","593,975","558,706","580,358","348,080","429,476","684,891","1,123,887","1,381,530","1,668,848","1,510,558","1,454,944","927,782","1,128,614","548,165","813,271","900,000","800,000","1,100,000","1,628,391","1,000,000","1,600,000","1,100,000","1,300,000","3,058,404","2,400,000","2,300,000","2,400,000","3,105,718","3,700,000",,"3,800,000","3,900,000","3,900,000","4,200,000","4,000,000","4,800,000","3,100,000","2,700,000","2,300,000",,,"1,300,000",,,,,"900,000",,,,,,,,
NetIncomeFromContinuingAndDiscontinuedOperation,"-13,583,000","-7,066,000","-14,472,000","79,000","7,876,000","-1,118,000","-2,128,000","-1,133,000","-16,380,000","22,308,000","-12,238,000","9,316,000","838,000","427,000","892,571","1,230,769","1,139,178","3,482","-557,886","-318,718","-768,212","-870,290","-3,323,534","-969,001","-1,356,083","-1,226,828","-1,119,387","-1,068,688","-994,379","-1,031,482","-912,568","-862,455","-883,356","-559,371","-484,568","-309,910","-282,506","-7,176","-511,588","-352,228","-498,893","-296,877","-411,170","-478,668","-436,679","-630,122","-470,638","-436,732","-537,144","-531,776","-355,234","-562,621","-1,012,928","-839,568","-804,270","-662,825","-662,494","-645,527","-745,917","-761,599","-752,729","-591,530","-36,747","-396,929","-489,328","-211,014","-170,826","-156,952","-187,483","-162,777","-101,643","-150,178","-233,494","-257,847","107,955","-569,069","-494,471","-333,476","-290,684","-303,007","2,095,758","-382,205","-830,036","-1,134,280","-1,370,613","-1,075,328","-1,089,126","-675,065","-853,734","-154,002","-368,341","-100,000","-100,000","-700,000","-589,993","-300,000","-600,000","-100,000","-300,000","-2,004,247","-400,000","-600,000","-400,000","-830,725","-600,000","-300,000","-500,000","-300,000","-1,200,000","-600,000","-500,000","-1,700,000","-1,400,000","-1,800,000","-1,700,000","-1,500,000","-1,200,000","-1,200,000","-700,000","-600,000","-500,000","-700,000","-800,000","-800,000","-300,000","-400,000","-200,000","-200,000","-100,000","-100,000","-100,000"
NormalizedIncome,"-17,045,600","-10,124,080","-12,936,525.044","-4,480,580","9,328,700","-490,000","800,030","-1,061,000","-1,388,000","556,000","1,036,000","2,159,080","866,470","578,840","892,571","1,230,769","1,139,178","3,482","-557,886","-318,718","-768,212","-870,290","-537,624","-967,788","-1,356,083","-1,226,828","-1,119,387","-1,068,688","-994,379","-1,031,482","-912,568","-866,855","-883,356","-559,371","-484,568","-309,910","-282,506","-7,176","-477,477","-334,262","-490,173","-358,041","-384,111","-456,465","-425,249","-614,798","-470,638","-436,732","-537,144","-530,719.1","-361,533.15","-561,573.2","-1,011,548.05","-839,568","-775,832.5","-662,825","-669,315.75","-645,527","-612,140.5","-761,662.05","-752,989","-592,180","-280,579.8","-396,929","-491,119","-211,554.6","-170,826","-156,952","-187,483","-165,559","-101,643","-150,178","-233,494","-274,604","-20,848.2","-569,069","-494,471","-336,676","63,305","-210,073","-330,351","-382,205","-830,036","-1,134,280","-1,370,613","-1,075,328","-1,089,126","-675,065","-853,734","-154,002","-368,341","-100,000","-100,000","-700,000","-589,993","-300,000","-660,000","-100,000","-300,000","-2,004,247","-400,000","-600,000","-400,000","-830,725","-600,000","-300,000","-500,000","-300,000","-1,200,000","-600,000","-500,000","-1,700,000","-1,400,000","-1,860,000","-1,760,000","-1,500,000","-1,200,000","-1,260,000","-700,000","-600,000","-500,000","-700,000","-860,000","-800,000","-300,000","-400,000","-200,000","-200,000","-100,000","-100,000","-100,000"
InterestIncome,,,,,,,"-5,000","16,000","18,000","29,000","89,000","110,000","137,000","171,000","160,272","79,773","32,537","8,418","123","103","76","48","26","30","445","1,919","3,305","4,729","5,482","8,237","8,650","7,658","4,517",,,,,,,,,,"3","20","2","21","53","27","76","36","26","168","195","681",,,,,,,"1,623",,"3,411",,,,"1,200",,,,,,,,,,,,,,,,,,,,,,,,,,,,,,,,,,,,,,,,,,,,,,,,,,,,,,,,,,,,,,,,
InterestExpense,"4,000",,,,,,,"3,000","0","1,000","0","1,000","1,000","3,000","1,455","1,313","1,332","900","1,077","1,077","104,582","83,333","58,333","33,334","8,333",,,"0","0","0","0","0","0","177,308","185,555","185,554","185,555","185,555","185,555","185,554","183,543","178,777","173,528","171,677","165,239","160,542","155,373","150,563","145,693","136,372","134,601","128,292","118,267","106,853",,,,,,,"17,552",,"2,888",,,,,,,,,,,"5,434","16,550","16,250",,,,,,,,,,,,,,,,,,,,,,,,,,,,,,,,,,,,,,,,,,,,,,,,,,,,,,,
NetInterestIncome,"-579,000","-163,000","-101,000","-194,000","-121,000","-16,000","-1,000","13,000","18,000","28,000","89,000","109,000","136,000","168,000","158,817","78,460","31,205","7,518","-41,954","-68,638","-166,904","-176,883","-151,904","-126,902","-125,823","1,919","3,305","4,729","5,482","8,237","8,650","7,658","4,517","-190,330","-199,817","-199,817","-199,662","-199,507","-264,094","-185,554","-183,543","-178,777","-173,525","-171,657","-165,237","-160,521","-155,320","-150,536","-145,617","-136,336","-134,575","-128,124","-118,072","-106,172",,,,,,,,,,,,,,,,,,,,,,,,,,,,,,,,,,,,,,,,,,,,,,,,,,,,,,,,,,,,,,,,,,,,,,,,,,,,,
EBIT,"-39,912,000","-10,957,000","-15,436,000","-10,954,000","-2,565,000","-474,000","-8,131,000","-1,130,000","-16,380,000","22,309,000","-13,779,000","9,317,000","839,000","430,000","894,026","1,232,082","1,140,510","4,382","-556,809","-317,641","-663,630","-786,957","-3,506,839","-1,232,641","-1,711,379","-1,492,432","-1,422,750","-1,291,719","-1,150,395","-1,152,265","-995,613","-862,455","-883,356","-382,063","-299,013","-124,356","-96,951","178,379","-326,033","-166,674","-315,350","-118,100","-237,642","-306,991","-271,440","-469,580","-315,318","-286,196","-391,451","-393,814","-223,324","-432,885","-892,733","-733,396","-719,650","-588,498","-594,692","-560,614","-661,914","-728,988","-737,200","-585,395","-443,658","-395,765","-445,812","-209,120","-173,238","-157,926","-189,525","-165,559","1,787","-153,462","-237,579","-269,170","-218,369","-552,819","-481,207","-330,426","-248,386","-210,073","-330,351","-382,307","-816,288","-1,134,242","-1,355,668","-1,034,609","-1,098,259","-728,025","-894,708","-149,008","-443,523","-200,000","-100,000","-600,000","-557,005","-300,000","-700,000","-100,000","-300,000","-1,914,454","-400,000","-600,000","-400,000","-411,532","-700,000","4,600,000","-500,000","-400,000","-1,100,000","-500,000","-600,000","-1,600,000","-1,500,000","-2,000,000","-1,900,000","-5,100,000","100,000","-1,200,000","100,000","-2,800,000","100,000","100,000","-800,000","-1,800,000","100,000","100,000","100,000","-400,000","100,000","100,000","100,000"
EBITDA,"-24,241,000"
ReconciledCostOfRevenue,"93,465,000","22,793,000","29,512,000","23,724,000","17,436,000","6,773,000","6,172,000","4,345,000","3,939,000","4,155,000","3,070,000","2,084,000","1,958,000","1,647,000","1,710,089","1,606,303","1,536,779","1,363,829","1,294,383","1,095,724","956,839","928,402","883,519","920,935","872,835","771,005","679,948","658,542","678,111","618,099","672,089","654,978","666,580","1,161,641","1,368,777","1,281,634","1,501,575","1,034,528","1,296,662","1,086,031","641,748","346,129","352,500","345,556","288,915","368,600","368,724","300,047","274,153","274,189","228,349","329,545","218,851","230,277","251,114","133,770","227,361","151,538","212,791","73,958","74,837","101,520","65,458","59,336","92,052","81,219","115,427","50,326","94,929","48,113","158,747","5,949","8,845",,,"3,598","8,733",,,,"25,685","82,037","285,703","89,164","151,785","191,933","74,430","53,354","74,104","67,069","576,141","500,000","400,000","400,000","818,602","500,000","800,000","400,000","600,000","1,364,122","1,100,000","800,000","1,000,000","1,061,998","1,000,000",,"1,700,000","1,700,000","1,500,000","2,000,000","2,200,000","1,800,000","1,300,000","1,000,000","900,000",,,"800,000",,,,,"500,000",,,,,,,,
ReconciledDepreciation,"15,671,000","4,516,000","4,490,000","3,665,000","3,000,000","1,710,000","1,514,000","1,187,000","1,266,000","1,101,000","959,000","525,000","215,000","98,000","93,073","83,727","83,377","77,823","78,787","83,644","86,702","89,549","91,756","92,453","92,102","91,791","87,670","86,821","85,081","83,646","72,014","63,380","60,219","62,506","63,822","64,988","59,565","58,697","59,626","50,641","32,922","26,455","26,342","24,580","23,321","22,872","22,106","21,882","23,083","4,670","26,811","26,720","30,586","9,573","-35,191","7,128","6,730","50,614","16,145","18,821","17,781","8,816","10,304","13,283","13,791","12,382","17,037","16,982","16,093","15,976","15,843","16,379","15,879","118,103","132,347","46,084","-311,648","384,805","49,639","103,472","-29,203","44,972","73,383","77,851","78,561","70,114","72,441","67,326","60,050","66,357","642,288","-100,000","-100,000","-100,000","720,993","-100,000","-100,000","-100,000","-100,000","698,294","-100,000","-100,000","-100,000","725,804","200,000",,"-100,000","-100,000","0","-100,000","-100,000","100,000","-100,000","0","-100,000",,,"100,000",,,,,,,,,,,,,
NetIncomeFromContinuingOperationNetMinorityInterest,"-13,583,000","-7,066,000","-14,472,000","79,000","7,876,000","-1,118,000","-2,128,000","-1,133,000","-16,380,000","22,308,000","-12,238,000","9,316,000","838,000","427,000","892,571","1,230,769","1,139,178","3,482","-557,886","-318,718","-768,212","-870,290","-3,323,534","-969,001","-1,356,083","-1,226,828","-1,119,387","-1,068,688","-994,379","-1,031,482","-912,568","-862,455","-883,356","-559,371","-484,568","-309,910","-282,506","-7,176","-511,588","-352,228","-498,893","-296,877","-411,170","-478,668","-436,679","-630,122","-470,638","-436,732","-537,144","-531,776","-355,234","-562,621","-1,012,928","-839,568","-804,270","-662,825","-662,494","-645,527","-745,917","-761,599","-752,729","-591,530","-36,747","-396,929","-489,328","-211,014","-170,826","-156,952","-187,483","-162,777","-101,643","-150,178","-233,494","-257,847","107,955","-569,069","-494,471","-333,476","63,305","-210,073","-330,351","-382,205","-830,036","-1,134,280","-1,370,613","-1,075,328","-1,089,126","-675,065","-853,734","-154,002","-368,341","-100,000","-100,000","-700,000","-589,993","-300,000","-600,000","-100,000","-300,000","-2,004,247","-400,000","-600,000","-400,000","-830,725","-600,000","-300,000","-500,000","-300,000","-1,200,000","-600,000","-500,000","-1,700,000","-1,400,000","-1,800,000","-1,700,000","-1,500,000","-1,200,000","-1,200,000","-700,000","-600,000","-500,000","-700,000","-800,000","-800,000","-300,000","-400,000","-200,000","-200,000","-100,000","-100,000","-100,000"
TotalUnusualItemsExcludingGoodwill,"5,771,000","3,324,000","-1,809,000","6,246,000","-1,990,000","-628,000","-4,011,000","-72,000","-14,992,000","21,752,000","-13,274,000","9,804,000","-39,000","-208,000",,,,,,,,,"-2,785,910","-1,213",,,,"0",,,"0","4,400",,,"0","0","0","0","-34,111","-17,966","-8,720","61,164","-27,059","-22,203","-11,430","-15,324","0","0","0","-1,626","9,691","-1,612","-2,123","0","-43,750",,"10,495",,"-205,810","97","400","1,000","406,388",,"2,985","901",,,,"2,782",,,,"16,757","214,672",,,"3,200",,,,,,,,,,,,,,,,,,,"100,000",,,,,,,,,,,,,,,"0",,"100,000","100,000",,,"100,000",,,,,"100,000",,,,,,,,
TotalUnusualItems,"5,771,000","3,324,000","-1,809,000","6,246,000","-1,990,000","-628,000","-4,011,000","-72,000","-14,992,000","21,752,000","-13,274,000","9,804,000","-39,000","-208,000",,,,,,,,,"-2,785,910","-1,213",,,,"0",,,"0","4,400",,,"0","0","0","0","-34,111","-17,966","-8,720","61,164","-27,059","-22,203","-11,430","-15,324","0","0","0","-1,626","9,691","-1,612","-2,123","0","-43,750",,"10,495",,"-205,810","97","400","1,000","406,388",,"2,985","901",,,,"2,782",,,,"16,757","214,672",,,"3,200",,,,,,,,,,,,,,,,,,,"100,000",,,,,,,,,,,,,,,"0",,"100,000","100,000",,,"100,000",,,,,"100,000",,,,,,,,
NormalizedEBITDA,"-30,012,000","-9,765,000","-9,137,000","-13,535,000","2,425,000","1,864,000","-2,606,000","129,000","-122,000","1,658,000","454,000","38,000","1,093,000","736,000","987,099","1,315,809","1,223,887","82,205","-478,022","-233,997","-576,928","-697,408","-629,173","-1,138,975","-1,619,277","-1,400,641","-1,335,080","-1,204,898","-1,065,314","-1,068,619","-923,599","-803,475","-823,137","-319,557","-235,191","-59,368","-37,386","237,076","-232,296","-98,067","-273,708","-152,809","-184,241","-260,208","-236,689","-431,384","-293,212","-264,314","-368,368","-387,518","-206,204","-404,553","-860,024","-723,823","-675,900","-581,370","-598,457","-510,000","-439,959","-710,264","-719,819","-577,579","-839,742","-382,482","-435,006","-197,639","-156,201","-140,944","-173,432","-152,365","17,630","-137,083","-221,700","-167,824","-300,694","-506,735","-481,207","51,179","-198,747","-106,601","-330,351","-337,335","-742,905","-1,056,391","-1,277,107","-964,495","-1,025,818","-660,699","-834,658","-82,651","198,765","-100,000","0","-500,000","163,988","-200,000","-700,000","0","-200,000","-1,216,160","-200,000","-500,000","-300,000","314,272","-500,000","4,600,000","-400,000","-300,000","-1,000,000","-400,000","-500,000","-1,500,000","-1,400,000","-2,000,000","-1,900,000","-5,100,000","100,000","-1,200,000","100,000","-2,800,000","100,000","100,000","-900,000","-1,800,000","100,000","100,000","100,000","-400,000","100,000","100,000","100,000"
TaxRateForCalcs,"0.4","0.08","0.151","0.27","0.27","0","0.27","0","0","0","0","0.27","0.27","0.27","0.27","0.27","0","0.27","0","0","0","0","0","0","0","0","0","0","0","0","0","0","0","0","0","0","0","0","0","0","0","0","0","0","0","0","0.35","0.35","0","0.35","0.35","0.35","0.35","0.35","0.35","0.35","0.35","0.35","0.35","0.35","0.35","0.35","0.4","0.4","0.4","0.4","0.4","0.4","0","0","0","0","0","0","0.4","0","0","0","0.4","0.4","0.4","0","0.4","0.4","0.4","0.4","0.4","0.4","0.4","0.4","0.4","0.4","0.4","0.4","0.4","0.4","0.4","0.4","0.4","0.4","0.4","0.4","0.4","0.4","0.4","0.4","0.4","0.4","0.4","0.4","0.4","0.4","0.4","0.4","0.4","0.4","0.4","0.4","0.4","0.4","0.4","0.4","0.4","0.4","0.4","0.4","0.4","0.4","0.4","0.4","0.4"
TaxEffectOfUnusualItems,"2,308,400","265,920","-273,525.044","1,686,420","-537,300","0","-1,082,970","0","0","0","0","2,647,080","-10,530","-56,160","0","0","0","0","0","0","0","0","0","0","0","0","0","0","0","0","0","0","0","0","0","0","0","0","0","0","0","0","0","0","0","0","0","0","0","-569.1","3,391.85","-564.2","-743.05","0","-15,312.5","0","3,673.25","0","-72,033.5","33.95","140","350","162,555.2","0","1,194","360.4","0","0","0","0","0","0","0","0","85,868.8","0","0","0","0","0","0","0","0","0","0","0","0","0","0","0","0","0","0","0","0","0","40,000","0","0","0","0","0","0","0","0","0","0","0","0","0","0","0","0","40,000","40,000","0","0","40,000","0","0","0","0","40,000","0","0","0","0","0","0","0","0"