name,ttm,03/31/2022,12/31/2021,09/30/2021,06/30/2021,03/31/2021,12/31/2020,09/30/2020,06/30/2020,03/31/2020,12/31/2019,09/30/2019,06/30/2019,03/31/2019,12/31/2018,09/30/2018,06/30/2018,03/31/2018,12/31/2017,09/30/2017,06/30/2017,03/31/2017,12/31/2016,09/30/2016,06/30/2016,03/31/2016,12/31/2015,09/30/2015,06/30/2015,03/31/2015,12/31/2014,09/30/2014,06/30/2014,03/31/2014,12/31/2013,09/30/2013,06/30/2013,03/31/2013,12/31/2012,09/30/2012,06/30/2012,03/31/2012,12/31/2011,09/30/2011,06/30/2011,03/31/2011,12/31/2010,09/30/2010,06/30/2010,03/31/2010,12/31/2009,09/30/2009,06/30/2009,03/31/2009,12/31/2008,09/30/2008,06/30/2008,03/31/2008,12/31/2007,09/30/2007,06/30/2007,03/31/2007
TotalRevenue,"28,508,000","9,800,000","7,950,000","6,402,000","4,355,152","2,232,062","2,453,297","905,460","1,572,610","1,298,864","701,486","764,486","715,828","577,390","919,055","546,844","624,418","595,920","764,864","606,899","532,974","595,620","814,110","755,159","893,212","863,540","717,243","1,006,140","943,111","1,291,301","442,705","1,019,986","973,268","355,685","283,923","89,166","77,739","15,575","11,734","8,843","234,882","2,605","1,818","981","0","0","0","0","0","0","0","0","0","0","0","0","381","1,249","0","0","0","0"
	OperatingRevenue,"28,043,000","9,701,000","7,752,000","6,349,000","4,241,153","2,171,012","2,253,657","836,341","1,445,206","1,165,245","657,184","730,338","679,167","525,791","532,478","510,709","579,287","545,391","549,361","596,632","477,566","538,358","778,287","657,803","773,966","774,455","627,721","931,856","860,951","1,256,777","438,099","996,141","973,268","355,685","283,923","89,166","77,739","15,575","11,734","8,843","234,882","2,605","1,818","981","0","0","0","0","0","0","0","0","0","0","0","0","381","1,249","0","0","0","0"
CostOfRevenue,"24,176,000","8,214,000","6,571,000","5,510,000","3,711,064","2,135,683","2,026,224","538,825","1,158,730","990,142","798,824","643,239","401,284","523,432","465,924","440,081","453,643","424,099","326,620","305,610","390,049","432,407","508,075","700,865","834,562","770,178","304,336","775,240","713,031","1,008,074","1,106,371","1,635,833","1,579,974","1,312,201","3,192,582","39,662","50,019","4,409","3,208","7,038","188,438","408","1,217","0","0","0","0","0","0","0","0","0","0","0",,,,,"0","0","0","0"
GrossProfit,"4,332,000","1,586,000","1,379,000","892,000","644,088","96,379","427,073","366,635","413,880","308,722","-97,338","121,247","314,544","53,958","453,131","106,763","170,775","171,821","438,244","301,289","142,925","163,213","306,035","54,294","58,650","93,362","412,907","230,900","230,080","283,227","-663,666","-615,847","-606,706","-956,516","-2,908,659","49,504","27,720","11,166","8,526","1,805","46,444","2,197","601","981","0","0","0","0","0","0","0","0","0","0","0","0","381","1,249","0","0","0","0"
OperatingExpense,"67,657,000","16,628,000","21,492,000","16,715,000","12,989,353","7,482,844","8,288,065","4,279,510","3,435,809","3,327,550","2,887,644","2,909,399","2,697,865","2,369,446","2,850,345","3,629,343","2,005,566","3,973,760","2,620,523","1,530,970","2,462,817","1,554,006","1,392,182","2,328,190","1,927,391","2,077,486","2,387,995","2,824,649","3,389,903","3,813,304","2,267,283","3,469,055","3,189,109","3,189,224","1,932,119","7,160,449","5,461,111","2,011,428","1,594,875","1,161,867","944,151","1,534,970","814,230","1,659,465","664,506","950,846","551,055","7,615,400","311,232","329,650","322,350","8,715","3,497","4,225","8,087","6,041","16,155","2,040","6,825","0","13,700","350"
	SellingGeneralAndAdministration,"56,258,000","13,686,000","16,132,000","14,812,000","11,702,778","6,333,138","7,341,437","3,687,231","2,976,391","2,760,350","2,464,486","2,183,366","2,159,097","1,860,621","2,432,844","3,309,806","1,512,529","3,789,805","2,397,323","1,303,043","2,252,055","1,311,065","997,646","1,985,416","1,557,821","1,732,683","1,930,895","2,441,152","2,884,322","3,496,734","2,796,269","2,662,554","2,812,351","2,786,361","1,435,955","6,868,890","5,319,617","1,878,578","1,469,221","1,044,388","764,739","1,410,162","1,212,665","1,056,133","540,228","849,448","445,094","7,562,926","230,545","329,650","322,350","8,715","3,497","4,225","8,087","6,041","16,155","2,040","6,825","0","13,700","350"
		GeneralAndAdministrativeExpense,"56,258,000","13,686,000","16,132,000","14,812,000","11,702,778","6,333,138","7,341,437","3,687,231","2,976,391","2,760,350","2,464,486","2,183,366","2,159,097","1,860,621","2,432,844","3,309,806","1,512,529","3,789,805","2,397,323","1,303,043","2,252,055","1,311,065","997,646","1,985,416","1,557,821","1,732,683","1,930,895","2,441,152","2,884,322","3,496,734","2,796,269","2,662,554","2,812,351","2,786,361","1,435,955","6,868,890","5,319,617","1,878,578","1,469,221","1,044,388","764,739","1,410,162","1,212,665","1,056,133","540,228","849,448","445,094","7,562,926","230,545","329,650","322,350","8,715","3,497","4,225",,,,,"6,825","0","13,700",
			SalariesAndWages,"42,900,000","9,259,000","12,726,000","11,745,000","9,170,320","4,748,151","5,754,324","2,543,755","2,305,738","2,114,467","1,745,739","1,727,487","1,674,042","1,603,485","2,005,066","2,842,733","1,131,179","3,688,636","1,889,880","1,080,644","2,013,680","997,357","662,362","1,564,463","1,189,008","1,463,779","1,167,864","2,176,818","2,070,910","2,784,654","2,082,549","2,088,406","2,254,760","1,820,727","1,201,679","5,518,814","3,287,420","1,018,053","592,782","658,574","587,178","528,779","99,462","863,396","322,899","647,520","218,931","7,227,171","185,143","201,642","258,778","1,500","1,500","1,500",,,,,,,,
			OtherGandA,"13,358,000","4,427,000","3,406,000","3,067,000","2,532,458","1,584,987","1,587,113","1,143,476","670,653","645,883","718,747","455,879","485,055","257,136","427,778","467,073","381,350","101,169","507,443","222,399","238,375","313,708","335,284","420,953","368,813","268,904","763,031","264,334","813,412","712,080","713,720","574,148","557,591","965,634","234,276","1,350,076","2,032,197","860,525","876,439","385,814","177,561","881,383","1,113,203","192,737","217,329","201,928","226,163","335,755","45,402","128,008","63,572","7,215","1,997","2,725",,,,,,,,
	OtherOperatingExpenses,"11,399,000","2,942,000","5,360,000","1,903,000","1,286,575","1,149,706","946,628","592,279","459,418","567,200","423,158","726,033","538,768","508,825","417,501","319,537","493,037","183,955","223,200","227,927","210,762","242,941","394,536","342,774","369,570","344,803","457,100","383,497","505,581","316,570","-528,986","806,501","376,758","402,863","496,164","291,559","141,494","132,850","125,654","117,479","179,412","124,808","-398,435","603,332","124,278","101,398","105,961","52,474","80,687",,,,,,,,,,,,,
OperatingIncome,"-63,325,000","-15,042,000","-20,113,000","-15,823,000","-12,345,265","-7,386,465","-7,860,992","-3,912,875","-3,021,929","-3,018,828","-2,984,982","-2,788,152","-2,383,321","-2,315,488","-2,397,214","-3,522,580","-1,834,791","-3,801,939","-2,182,279","-1,229,681","-2,319,892","-1,390,793","-1,086,147","-2,273,896","-1,868,741","-1,984,124","-1,975,088","-2,593,749","-3,159,823","-3,530,077","-2,930,949","-4,084,902","-3,795,815","-4,145,740","-4,840,778","-7,110,945","-5,433,391","-2,000,262","-1,586,349","-1,160,062","-897,707","-1,532,773","-813,629","-1,658,484","-664,506","-950,846","-551,055","-7,615,400","-311,232","-329,650","-322,350","-8,715","-3,497","-4,225","-8,087","-6,041","-15,774","-791","-6,825","0","-13,700","-350"
NetNonOperatingInterestIncomeExpense,"-5,000","0","3,000","-3,000","-5,993","14,997","-1,743","-2,925","5,257","15,853","19,044","15,961","22,081","16,072","7,456","0","-8,533","-1,419,112","-913,460","-246,217","-1,316,065","-755,562","-921,578","-226,380","-35,314","-35,238","-42,934","-40,087","-11,960","-51,057","-213,848","-108,783","-869,655","-34,331","-82,446","-704,015","-20,025","-128,242","-105,710","-6,467","-509","-33","-29,325","-4,828","-8,671","-12,061","-7,233","-6,512","-7,357","-7,476",,,,,,,,,,,,
	InterestIncomeNonOperating,"-5,000","0",,,,"14,997",,,"5,257","15,853","19,044","15,961","22,081","16,072",,,,,,,,,,,,,,,,,,,,,,,,,,,,,,,,,,,,,,,,,,,,,,,,
	InterestExpenseNonOperating,,,,,,,,"2,925",,,"0","0","0","0","-7,456","0","8,533","1,419,112","913,460","246,217","1,316,065","755,562","921,578","226,380","35,314","35,238","42,934","40,087","11,960","51,057","142,040","108,783","11,537","34,331","82,446","16,729","20,025","128,242","105,710","6,467","509","33","29,325","4,828",,"12,061",,,"7,357","7,476",,,,,,,,,,,,
	TotalOtherFinanceCost,,,"-3,000","3,000","5,993",,"1,743","2,925",,,,,,,,,,,,,,,,,,"35,238",,"26,571","11,960",,"71,808",,"858,118",,"0","687,286","11,234",,,,,,,,"8,671",,,"6,512",,,,,,,,,,,,,,
OtherIncomeExpense,"433,000","-101,000","1,136,000","505,000","-1,107,347","6,993","-78,770","1,451","-12,841","41,875","71,274","149,202","124,020","405,789","133,185","1,373,949","610,539","7,425,139","28,866,574","-92,144,534","-780,210","-951,377","3,463,522","92,120","-441,921","-2,381,430","549,870","777,896","832,984","-100,899","-665,338","-4,252,934","-2,448,178","321,154","-3,413,624","-122,000","-187,000","-94,557","-103,441","0","0","0","-368,928","94,380","-56,667","3,333,490","998,777","3,048,180","-3,244,249","2,408,648",,,,,,"0","0",,"0","0","27,400",
	GainOnSaleOfSecurity,,,"141,000","137,000","-107,958","6,993","-104,861","-52,232","-16,560","521","26,499","-1,367","-35,494","-54,742","-42,280","1,349,886","623,237","3,024,598","21,301,796","-72,101,423","-316,504","-464,289","3,177,284","-256,799","-180,306","-2,020,235","1,100,792","1,272,938","290,898","322,101","2,225,781","124,274","851,201","284,365","623,693","-122,000","-187,000",,,,,,,,,,,,,,,,,,,,,,,,,
	SpecialIncomeCharges,"859,000","3,000","1,477,000","379,000","-1,000,000",,"0","0","0","0","0","0","0","310,000","0","0","-12,698","3,480,189","-5,803","-12,471,516","-463,706","-511,016","286,238","348,919","-261,615","-361,195","-434,688","-631,373","-1,291,810","-463,500","-2,891,119","-4,859,819","-3,299,379","36,789","-4,084,018","-122,000","-195,791","-47,856",,"0","0","0","116,072","94,380","-56,667","3,333,490","998,777","3,048,180","-3,244,249","2,408,648",,,,,,,,,,,,
		ImpairmentOfCapitalAssets,,,,,,,,,,,,,,,,,,,,,,,,,,,"0","0",,,"536,161","4,456,304","3,299,379",,,,,,,,,,,,,,,,,,,,,,,,,,,,,
		OtherSpecialCharges,,"-3,000","-1,477,000","-379,000","1,000,000",,,"-3,492","-19,086",,"0","-93,184","-107,923","-310,000","0",,,"-3,480,189","5,000","12,471,516","366,554","511,016","-286,447","-357,670","255,849","358,364","446,167","703,621","1,289,650","463,500","1,135,038","383,667","1,226,806","-36,789","3,420,000","122,000","195,791","47,856",,,,,,,,,,,,,,,,,,,,,,,,
		GainOnSaleOfBusiness,,,,,,,,,,,,,,,"0","0","0",,"0","0","-97,152",,,,,,,,,,,,,,,,,,,,,,,,,,,,,,,,,,,,,,,,,
		GainOnSaleOfPPE,,,,,,,,,,,,,,,,,"-12,698",,"-803","0","0","0","-209","-8,751","-5,766","-2,831","11,479","72,248","-2,160",,"-19,920","-19,848",,,,,,,,,,,,,,,,,,,,,,,,,,,,,,
	OtherNonOperatingIncomeExpenses,,"-104,000","-482,000","-11,000","611",,"26,091","53,683","3,719","41,354","44,775","150,569","159,514","150,531","175,465","24,063","623,237","920,352","7,570,581","-7,571,595",,"23,928",,,,,"-116,234","136,331","1,833,896","40,500","0","482,611",,,,,,"-46,701",,,,,,,,,,,,,,,,,,,,,,,,
PretaxIncome,"-62,897,000","-15,143,000","-18,974,000","-15,321,000","-13,458,605","-7,364,475","-7,941,505","-3,914,349","-3,029,513","-2,961,100","-2,894,664","-2,622,989","-2,237,220","-1,893,627","-2,256,573","-2,148,631","-1,232,785","2,204,088","25,770,835","-93,620,432","-4,416,167","-3,097,732","1,455,797","-2,408,156","-2,345,976","-4,400,792","-1,468,152","-1,855,940","-2,338,799","-3,682,033","-3,810,135","-8,446,619","-7,113,648","-3,858,917","-8,336,848","-7,936,960","-5,640,416","-2,223,061","-1,692,059","-1,166,529","-898,216","-1,532,806","-1,211,882","-1,568,932","-729,844",,"440,489","-4,573,732",,"2,071,522",,,,,,"-6,041","-15,774",,"-6,825","0","13,700","-350"
TaxProvision,,,,,,,,,,,,,,,,,,,,,,,,,,,,,,,,"0","0",,,,"0","0","0","0","0","0","0","0","0",,"0","0",,"0",,,,,,,,,"0","0","0","0"
NetIncomeCommonStockholders,"-62,897,000","-15,143,000","-18,974,000","-15,321,000","-13,458,605","-7,364,475","-7,941,505","-3,914,349","-3,029,513","-2,961,100","-2,894,664","-2,622,989","-2,237,220","-1,893,627","-1,648,773","-2,148,631","-1,232,785","-21,862,643","23,878,035","-94,448,932","-5,207,067","-3,852,632","1,057,697","-2,794,856","-2,711,276","-4,719,192","-1,761,352","-2,421,046","-2,564,456","-3,937,770","-3,299,633","-8,446,619","-7,113,648","-3,858,917","-8,336,848","-10,768,790","-5,640,416","-2,223,061","-1,692,059","-1,166,529","-898,216","-1,532,806","-1,211,882","-1,568,932","-729,844","2,370,583","440,489","-4,573,732","-3,562,838","2,071,522","-6,784,746","-8,715","-3,497","-4,225","-8,087","-6,041","-15,774","-791","-6,825","0","-13,700","-350"
	NetIncome,"-62,897,000","-15,143,000","-18,974,000","-15,321,000","-13,458,605","-7,364,475","-7,941,505","-3,914,349","-3,029,513","-2,961,100","-2,894,664","-2,622,989","-2,237,220","-1,893,627","-2,256,573","-2,148,631","-1,232,785","2,204,088","25,770,835","-93,620,432","-4,416,167","-3,097,732","1,455,797","-2,408,156","-2,345,976","-4,400,792","-1,468,152","-2,178,546","-2,352,056","-3,735,770","-3,278,833","-8,446,619","-7,113,648","-3,858,917","-8,336,848","-7,936,960","-5,640,416","-2,223,061","-1,692,059","-1,166,529","-898,216","-1,532,806","-1,211,882","-1,568,932","-729,844","2,370,583","440,489","-4,573,732","-3,562,838","2,071,522","-6,784,746","-8,715","-3,497","-4,225","-8,087","-6,041","-15,774","-791","-6,825","0","-13,700","-350"
		NetIncomeIncludingNoncontrollingInterests,"-62,897,000","-15,143,000","-18,974,000","-15,321,000","-13,458,605","-7,364,475","-7,941,505","-3,914,349","-3,029,513","-2,961,100","-2,894,664","-2,622,989","-2,237,220","-1,893,627","-2,256,573","-2,148,631","-1,232,785","2,204,088","25,770,835","-93,620,432","-4,416,167","-3,097,732","1,455,797","-2,408,156","-2,345,976","-4,400,792","-1,468,152","-1,855,940","-2,338,799","-3,682,033","-3,810,135","-8,446,619","-7,113,648","-3,858,917","-8,336,848","-7,936,960","-5,640,416","-2,223,061","-1,692,059","-1,166,529","-898,216","-1,532,806","-1,211,882","-1,568,932","-729,844","2,370,583","440,489","-4,573,732","-3,562,838","2,071,522","-6,784,746","-8,715","-3,497","-4,225","-8,087","-6,041","-15,774","-791","-6,825","0","-13,700","-350"
			NetIncomeContinuousOperations,"-62,897,000","-15,143,000","-18,974,000","-15,321,000","-13,458,605","-7,364,475","-7,941,505","-3,914,349","-3,029,513","-2,961,100","-2,894,664","-2,622,989","-2,237,220","-1,893,627","-2,256,573","-2,148,631","-1,232,785","2,204,088","25,770,835","-93,620,432","-4,416,167","-3,097,732","1,455,797","-2,408,156","-2,345,976","-4,400,792","-1,468,152","-1,855,940","-2,338,799","-3,682,033","-3,810,135","-8,446,619","-7,113,648","-3,858,917","-8,336,848","-7,936,960","-5,640,416","-2,223,061","-1,692,059","-1,166,529","-898,216","-1,532,806","-1,211,882","-1,568,932","-729,844","2,370,583","440,489","-4,573,732","-3,562,838","2,071,522","-6,784,746","-8,715","-3,497","-4,225","-8,087","-6,041","-15,774","-791","-6,825","0","-13,700","-350"
		MinorityInterests,,,,,,,,,,,,,,,,,,,,,,,,,"0","0","0","-322,606","-13,257","-53,737",,,,,,,,,,,,,,,,,,,,,,,,,,,,,,,,
	PreferredStockDividends,,,,,,,,,,,,,,,"-607,800",,,"24,066,731","1,892,800","828,500","790,900","754,900","398,100","386,700","365,300","318,400","293,200","242,500","212,400","202,000","20,800",,,,"0","2,831,830",,,,,,,,,,,,,,,,,,,,,,,,,,
	OtherunderPreferredStockDividend,,,,,,,,,,,,"0",,,,"1,040,273","0","23,458,931",,,,,,,,,,,,,,,,,,,,,,,,,,,,,,,,,,,,,,,,,,,,
AverageDilutionEarnings,,,,,,,,,,,,"0",,,,"-1,040,273",,,,,,,,,,,,,,,,,,,,,,,,,,,,,,,,,,,,,,,,,,,,,,
DilutedNIAvailtoComStockholders,"-62,897,000","-15,143,000","-18,974,000","-15,321,000","-13,458,605","-7,364,475","-7,941,505","-3,914,349","-3,029,513","-2,961,100","-2,894,664","-2,622,989","-2,237,220","-1,893,627","1,248,322","-3,188,904","-1,232,785","-21,862,643","23,878,035","-94,448,932","-5,207,067","-3,852,632","1,057,697","-2,794,856","-2,711,276","-4,719,192","-1,761,352","-2,421,046","-2,564,456","-3,937,770","-3,299,633","-8,446,619","-7,113,648","-3,858,917","-8,336,848","-10,768,790","-5,640,416","-2,223,061","-1,692,059","-1,166,529","-898,216","-1,532,806","-1,211,882","-1,568,932","-729,844","2,370,583","440,489","-4,573,732","-3,562,838","2,071,522","-6,784,746","-8,715","-3,497","-4,225","-8,087","-6,041","-15,774","-791","-6,825","0","-13,700","-350"
BasicEPS,,"-0.36","-0.45","-0.36","-0.32","-0.18","-0.24","-0.12","-0.11","-0.11",,"-0.1","-0.09","-0.07",,"-0.09","-0.05","-2.58",,"-34.68","-3","-2.5",,"-1.5","-1.5","-3",,"-1.5","-1.5","-2.5",,"-5.5","-4.5","-2.5",,"-9.5","-5.5","-2.5",,"-1.5","-1","-2",,"-6.5","-1.5","23.5",,"-125","-125","75",,"0","0","0",,"0","0","0",,,"0","0"
DilutedEPS,,"-0.36","-0.45","-0.36","-0.32","-0.18","-0.24","-0.12","-0.11","-0.11",,"-0.1","-0.09","-0.07",,"-0.13","-0.05","-2.58",,"-34.68","-3","-2.5",,"-1.5","-1.5","-3",,"-1.5","-1.5","-2.5",,"-5.5","-4.5","-2.5",,"-9.5","-5.5","-2.5",,"-1.5","-1","-2",,"-6.5","-1.5","23.5",,"-125","-125","75",,"0","0","0",,"0","0","0",,,"0","0"
BasicAverageShares,,"42,437,823","42,276,643","42,162,228","42,037,492","41,138,095","33,577,425","31,379,636","28,327,701","26,842,136",,"26,242,567","26,234,376","26,171,070",,"24,867,869","23,229,166","8,472,092",,"2,723,437","1,621,857","1,609,530",,"1,609,530","1,606,609","1,591,690",,"1,590,250","1,582,799","1,556,650",,"1,553,952","1,553,952","1,551,362",,"1,118,828","1,026,439","911,511",,"819,928","805,841","764,913",,"242,781","493,068","99,451",,"34,046","28,061","30,023",,"118,783","118,783","118,783",,"118,783","118,783","116,329",,,"110,880","7,920"
DilutedAverageShares,,"42,437,823","42,276,643","42,162,228","42,037,492","41,138,095","33,577,425","31,379,636","28,327,701","26,842,136",,"26,242,567","26,234,376","26,171,070",,"25,292,550","23,229,166","8,472,092",,"2,723,437","1,621,857","1,609,530",,"1,609,530","1,606,609","1,591,690",,"1,590,250","1,582,799","1,556,650",,"1,553,952","1,553,952","1,551,362",,"1,118,828","1,026,439","911,511",,"819,928","805,841","764,913",,"242,781","493,068","99,451",,"34,046","28,061","30,023",,"118,783","118,783","118,783",,"118,783","118,783","116,329",,,"110,880","7,920"
TotalOperatingIncomeAsReported,"-63,325,000","-15,042,000","-20,113,000","-15,823,000","-12,345,265","-7,386,465","-7,860,992","-3,912,875","-3,021,929","-3,018,828","-2,984,982","-2,788,152","-2,383,321","-2,315,488","-2,397,214","-3,522,580","-1,834,791","-3,801,939","-2,182,279","-1,229,681","-2,319,892","-1,690,793","-1,086,147","-2,273,896","-1,868,741","-1,984,124","-1,975,088","-2,593,749","-3,159,823","-3,530,077","-3,828,912","-8,561,054","-7,953,312","-4,145,740","-4,840,778","-7,110,945","-5,433,391","-2,000,262","-1,586,349","-1,160,062","-897,707","-1,532,773","-815,629","-1,658,484","-664,506","-950,846","-551,055","-7,615,400","-311,232","-329,650",,,,,,"-6,041","-15,774","-791","-6,825","0","-13,700","-350"
TotalExpenses,"91,833,000","24,842,000","28,063,000","22,225,000","16,700,417","9,618,527","10,314,289","4,818,335","4,594,539","4,317,692","3,686,468","3,552,638","3,099,149","2,892,878","3,316,269","4,069,424","2,459,209","4,397,859","2,947,143","1,836,580","2,852,866","1,986,413","1,900,257","3,029,055","2,761,953","2,847,664","2,692,331","3,599,889","4,102,934","4,821,378","3,373,654","5,104,888","4,769,083","4,501,425","5,124,701","7,200,111","5,511,130","2,015,837","1,598,083","1,168,905","1,132,589","1,535,378","815,447","1,659,465","664,506","950,846","551,055","7,615,400","311,232","329,650","322,350","8,715","3,497","4,225","8,087","6,041","16,155","2,040","6,825","0","13,700","350"
NetIncomeFromContinuingAndDiscontinuedOperation,"-62,897,000","-15,143,000","-18,974,000","-15,321,000","-13,458,605","-7,364,475","-7,941,505","-3,914,349","-3,029,513","-2,961,100","-2,894,664","-2,622,989","-2,237,220","-1,893,627","-2,256,573","-2,148,631","-1,232,785","2,204,088","25,770,835","-93,620,432","-4,416,167","-3,097,732","1,455,797","-2,408,156","-2,345,976","-4,400,792","-1,468,152","-2,178,546","-2,352,056","-3,735,770","-3,278,833","-8,446,619","-7,113,648","-3,858,917","-8,336,848","-7,936,960","-5,640,416","-2,223,061","-1,692,059","-1,166,529","-898,216","-1,532,806","-1,211,882","-1,568,932","-729,844","2,370,583","440,489","-4,573,732","-3,562,838","2,071,522","-6,784,746","-8,715","-3,497","-4,225","-8,087","-6,041","-15,774","-791","-6,825","0","-13,700","-350"
NormalizedIncome,"-63,988,000","-15,146,000","-20,592,000","-15,837,000","-12,350,647","-7,371,468","-7,836,644","-3,862,117","-3,012,953","-2,961,621","-2,921,163","-2,621,622","-2,201,726","-2,148,885","-2,214,293","-3,498,517","-1,843,324","-2,544,406.51","12,993,239.2","-9,047,493","-3,635,957","-2,122,427","-622,316.2","-2,500,276","-1,904,055","-2,019,362","-2,134,256","-2,820,111","-1,351,144","-3,594,371","-2,613,495","-3,711,074","-4,665,470","-4,180,071","-4,876,523","-7,814,960","-5,453,416","-2,175,205","-1,692,059","-1,166,529","-898,216","-1,532,806","-842,954","-1,663,312","-673,177","203,814.5","-558,288","-7,621,912","-1,454,076.15","-337,126","-6,784,746","-8,715","-3,497","-4,225","-8,087","-6,041","-15,774","-791","-6,825","0","-13,700","-350"
InterestIncome,"-5,000","0",,,,"14,997",,,"5,257","15,853","19,044","15,961","22,081","16,072",,,,,,,,,,,,,,,,,,,,,,,,,,,,,,,,,,,,,,,,,,,,,,,,
InterestExpense,,,,,,,,"2,925",,,"0","0","0","0","-7,456","0","8,533","1,419,112","913,460","246,217","1,316,065","755,562","921,578","226,380","35,314","35,238","42,934","40,087","11,960","51,057","142,040","108,783","11,537","34,331","82,446","16,729","20,025","128,242","105,710","6,467","509","33","29,325","4,828",,"12,061",,,"7,357","7,476",,,,,,,,,,,,
NetInterestIncome,"-5,000","0","3,000","-3,000","-5,993","14,997","-1,743","-2,925","5,257","15,853","19,044","15,961","22,081","16,072","7,456","0","-8,533","-1,419,112","-913,460","-246,217","-1,316,065","-755,562","-921,578","-226,380","-35,314","-35,238","-42,934","-40,087","-11,960","-51,057","-213,848","-108,783","-869,655","-34,331","-82,446","-704,015","-20,025","-128,242","-105,710","-6,467","-509","-33","-29,325","-4,828","-8,671","-12,061","-7,233","-6,512","-7,357","-7,476",,,,,,,,,,,,
EBIT,"-63,325,000","-15,042,000","-20,113,000","-15,823,000","-12,345,265","-7,386,465","-7,860,992","-3,912,875","-3,021,929","-3,018,828","-2,894,664","-2,622,989","-2,237,220","-1,893,627","-2,264,029","-2,148,631","-1,224,252","3,623,200","26,684,295","-93,374,215","-3,100,102","-2,342,170","2,377,375","-2,181,776","-2,310,662","-4,365,554","-1,425,218","-1,815,853","-2,326,839","-3,630,976","-3,668,095","-8,337,836","-7,102,111","-3,824,586","-8,254,402","-7,920,231","-5,620,391","-2,094,819","-1,586,349","-1,160,062","-897,707","-1,532,773","-1,182,557","-1,564,104","-664,506","-950,846","2,660,301","-7,615,400","-311,232","2,078,998","-6,777,104","-8,715","-3,497","-4,225","-8,087","-6,041","-15,774","-791","-6,825","0","-13,700","-350"
EBITDA,"-60,350,000"
ReconciledCostOfRevenue,"24,176,000","8,214,000","6,571,000","5,510,000","3,711,064","2,135,683","2,026,224","538,825","1,158,730","990,142","798,824","643,239","401,284","523,432","465,924","440,081","453,643","424,099","326,620","305,610","390,049","432,407","508,075","700,865","834,562","770,178","304,336","775,240","713,031","1,008,074","1,106,371","1,635,833","1,579,974","1,312,201","3,192,582","39,662","50,019","4,409","3,208","7,038","188,438","408","1,217","0","0","0","0","0","0","0","0","0","0","0",,,,,"0","0","0","0"
ReconciledDepreciation,"2,975,000","758,000","1,045,000","-258,683","1,430,300","514,383","243,365","240,924","49,271","146,351","207,019","94,616","46,191","69,235","70,584","120,310","87,655","82,216","89,408","93,676","106,379","123,131","117,477","278,607","247,706","218,041","230,754","225,771","240,237","238,593","324,569","819,014","825,471","1,020,892","1,285,998","639,644","627,989","133,381","94,112","80,750","62,549","31,088","49,671","38,098","27,645","17,957","10,058","-6,248","4,957","7,407",,,,,,,,,,,,
NetIncomeFromContinuingOperationNetMinorityInterest,"-62,897,000","-15,143,000","-18,974,000","-15,321,000","-13,458,605","-7,364,475","-7,941,505","-3,914,349","-3,029,513","-2,961,100","-2,894,664","-2,622,989","-2,237,220","-1,893,627","-2,256,573","-2,148,631","-1,232,785","2,204,088","25,770,835","-93,620,432","-4,416,167","-3,097,732","1,455,797","-2,408,156","-2,345,976","-4,400,792","-1,468,152","-2,178,546","-2,352,056","-3,735,770","-3,278,833","-8,446,619","-7,113,648","-3,858,917","-8,336,848","-7,936,960","-5,640,416","-2,223,061","-1,692,059","-1,166,529","-898,216","-1,532,806","-1,211,882","-1,568,932","-729,844","2,370,583","440,489","-4,573,732","-3,562,838","2,071,522","-6,784,746","-8,715","-3,497","-4,225","-8,087","-6,041","-15,774","-791","-6,825","0","-13,700","-350"
TotalUnusualItemsExcludingGoodwill,"1,091,000","3,000","1,618,000","516,000","-1,107,958","6,993","-104,861","-52,232","-16,560","521","26,499","-1,367","-35,494","255,258","-42,280","1,349,886","610,539","6,504,787","21,295,993","-84,572,939","-780,210","-975,305","3,463,522","92,120","-441,921","-2,381,430","666,104","641,565","-1,000,912","-141,399","-665,338","-4,735,545","-2,448,178","321,154","-3,460,325","-122,000","-187,000","-47,856",,"0","0","0","-368,928","94,380","-56,667","3,333,490","998,777","3,048,180","-3,244,249","2,408,648",,,,,,,,,,,,
TotalUnusualItems,"1,091,000","3,000","1,618,000","516,000","-1,107,958","6,993","-104,861","-52,232","-16,560","521","26,499","-1,367","-35,494","255,258","-42,280","1,349,886","610,539","6,504,787","21,295,993","-84,572,939","-780,210","-975,305","3,463,522","92,120","-441,921","-2,381,430","666,104","641,565","-1,000,912","-141,399","-665,338","-4,735,545","-2,448,178","321,154","-3,460,325","-122,000","-187,000","-47,856",,"0","0","0","-368,928","94,380","-56,667","3,333,490","998,777","3,048,180","-3,244,249","2,408,648",,,,,,,,,,,,
NormalizedEBITDA,"-61,441,000","-14,287,000","-20,686,000","-16,339,000","-9,807,007","-6,879,075","-7,512,766","-3,619,719","-2,956,098","-2,872,998","-2,714,144","-2,527,006","-2,155,535","-2,079,650","-2,151,165","-3,378,207","-1,747,136","-2,799,371","5,477,710","-8,707,600","-2,213,513","-1,243,734","-968,670","-1,995,289","-1,621,035","-1,766,083","-1,860,568","-2,231,647","-1,085,690","-3,250,984","-2,678,188","-2,783,277","-3,828,462","-3,124,848","-3,508,079","-7,158,587","-4,805,402","-1,913,582","-1,492,237","-1,079,312","-835,158","-1,501,685","-763,958","-1,620,386","-580,194","-4,266,379","1,671,582","-10,663,580","2,937,974","-322,243","-6,777,104","-8,715","-3,497","-4,225","-8,087","-6,041","-15,774","-791","-6,825","0","-13,700","-350"
TaxRateForCalcs,"0","0","0","0","0","0","0","0","0","0","0","0","0","0","0","0","0","0.27","0.4","0","0","0","0.4","0","0","0","0","0","0","0","0","0","0","0","0","0","0","0","0","0","0","0","0","0","0","0.35","0","0","0.35","0","0.35","0.35","0.35","0.35","0.35","0","0","0.35","0","0","0","0"
TaxEffectOfUnusualItems,"0","0","0","0","0","0","0","0","0","0","0","0","0","0","0","0","0","1,756,292.49","8,518,397.2","0","0","0","1,385,408.8","0","0","0","0","0","0","0","0","0","0","0","0","0","0","0","0","0","0","0","0","0","0","1,166,721.5","0","0","-1,135,487.15","0","0","0","0","0","0","0","0","0","0","0","0","0"