name,ttm,03/31/2022,12/31/2021,09/30/2021,06/30/2021,03/31/2021,12/31/2020,09/30/2020,06/30/2020,03/31/2020,12/31/2019,03/31/2016,03/31/2015
TotalRevenue,"466,410,000","117,290,000","130,414,000","108,890,000","109,816,000","81,778,000","98,591,000","85,908,000","58,017,000","78,645,000","97,554,000","65,402,000","53,362,000"
	OperatingRevenue,"466,410,000","117,290,000","130,414,000","108,890,000","109,816,000","81,778,000","98,591,000","85,908,000","58,017,000","78,645,000","97,554,000","65,402,000","53,362,000"
CostOfRevenue,"147,558,000","41,588,000","42,646,000","29,821,000","33,503,000","22,222,000","25,121,000","23,444,000","17,668,000","21,409,000","24,125,000","19,235,000","16,807,000"
GrossProfit,"318,852,000","75,702,000","87,768,000","79,069,000","76,313,000","59,556,000","73,470,000","62,464,000","40,349,000","57,236,000","73,429,000","46,167,000","36,555,000"
OperatingExpense,"340,403,000","96,306,000","90,692,000","77,667,000","75,738,000","37,558,000","66,999,000","55,531,000","44,942,000","44,247,000","59,691,000","46,732,000","42,807,000"
	SellingGeneralAndAdministration,"305,691,000","86,124,000","80,881,000","69,636,000","69,050,000","34,686,000","61,974,000","50,295,000","40,533,000","40,276,000","54,454,000","40,184,000","37,270,000"
	ResearchAndDevelopment,"25,020,000","6,928,000","7,103,000","6,153,000","4,836,000","947,000","2,891,000","3,569,000","2,596,000","2,146,000","3,144,000","3,718,000","2,966,000"
	DepreciationAmortizationDepletionIncomeStatement,"9,692,000","3,254,000","2,708,000","1,878,000","1,852,000","1,925,000","2,134,000","1,667,000","1,813,000","1,825,000","2,093,000","2,830,000","2,571,000"
		DepreciationAndAmortizationInIncomeStatement,"9,692,000","3,254,000","2,708,000","1,878,000","1,852,000","1,925,000","2,134,000","1,667,000","1,813,000","1,825,000","2,093,000","2,830,000","2,571,000"
	OtherOperatingExpenses,,,,"651,000","641,000",,,,,,,,
OperatingIncome,"-21,551,000","-20,604,000","-2,924,000","1,402,000","575,000","21,998,000","6,471,000","6,933,000","-4,593,000","12,989,000","13,738,000","-565,000","-6,252,000"
NetNonOperatingInterestIncomeExpense,"-2,438,000","1,550,000","-960,000","-1,347,000","-1,681,000","2,876,000","-2,656,000","-1,880,000","-2,834,000","-2,381,000","-7,644,000","-3,555,000","-3,854,000"
	InterestIncomeNonOperating,,"1,550,000",,,,,,,,,,,
	InterestExpenseNonOperating,,,"960,000","1,347,000",,,"2,656,000","1,880,000",,,"7,644,000","3,555,000","3,854,000"
	TotalOtherFinanceCost,,,,,"1,681,000","-2,876,000",,,"2,834,000","2,381,000",,,
OtherIncomeExpense,"-12,784,000","-884,000","-734,000","-3,206,000","-7,960,000","-419,000","-674,000","3,285,000","1,337,000","-83,000","111,000","-1,326,000","-10,543,000"
	SpecialIncomeCharges,"-9,836,000","-846,000","-226,000","-2,449,000","-6,315,000",,"-563,000","0","0",,"-35,000","-1,326,000","-10,543,000"
		RestructuringAndMergernAcquisition,"4,162,000","846,000","226,000","2,449,000","641,000",,"563,000","0","0",,"35,000","172,000","1,076,000"
		WriteOff,,,"0","0","5,674,000",,,"0","0",,,,
		OtherSpecialCharges,,,,,,,,,,,,"1,154,000","9,467,000"
	OtherNonOperatingIncomeExpenses,"-2,948,000","-38,000","-508,000","-757,000","-1,645,000","-419,000","-111,000","3,285,000","1,337,000","-83,000","146,000",,
PretaxIncome,"-36,773,000","-19,938,000","-4,618,000","-3,151,000","-9,066,000","24,455,000","3,141,000","8,338,000","-6,090,000","10,525,000","6,205,000","-5,446,000","-20,649,000"
TaxProvision,"-7,025,000","-5,132,000","-2,725,000","-882,000","1,714,000","-73,000","890,000","373,000","-110,000","39,000","892,000","603,000","369,000"
NetIncomeCommonStockholders,"-16,838,000","-11,277,000","-364,000","-1,071,000","-4,126,000","24,936,000","2,776,000","8,457,000","-5,766,000","10,944,000","5,637,000","-7,091,000","-21,971,000"
	NetIncome,"-16,838,000","-11,277,000","-364,000","-1,071,000","-4,126,000","24,936,000","2,776,000","8,457,000","-5,766,000","10,944,000","5,637,000","-6,049,000","-21,018,000"
		NetIncomeIncludingNoncontrollingInterests,"-29,748,000","-14,806,000","-1,893,000","-2,269,000","-10,780,000","24,528,000","2,251,000","7,965,000","-5,980,000","10,486,000","5,114,000","-6,049,000","-21,018,000"
			NetIncomeContinuousOperations,"-29,748,000","-14,806,000","-1,893,000","-2,269,000","-10,780,000","24,528,000","2,251,000","7,965,000","-5,980,000","10,486,000","5,313,000","-6,049,000","-21,018,000"
			NetIncomeDiscontinuousOperations,,,,,,,"0",,,,"-199,000",,
		MinorityInterests,"12,910,000","3,529,000","1,529,000","1,198,000","6,654,000","408,000","525,000","492,000","214,000","458,000","523,000",,
	PreferredStockDividends,,,,,,,,,,,,"1,042,000","953,000"
DilutedNIAvailtoComStockholders,"-16,838,000","-11,277,000","-364,000","-1,071,000","-4,126,000","24,936,000","2,776,000","8,457,000","-5,766,000","10,944,000","5,637,000","-7,091,000","-21,971,000"
BasicEPS,,"-0.19","-0.01","-0.03","-0.1","0.597","0.074","0.152","-0.104","0.197",,"-0.127","-0.395"
DilutedEPS,,"-0.19","-0.01","-0.03","-0.1","0.597","0.074","0.152","-0.104","0.197",,"-0.127","-0.395"
BasicAverageShares,,"60,484,969","54,733,783","41,837,581","41,805,347","41,797,882","37,697,158","55,625,326","55,625,326","55,625,326",,"55,625,326","55,625,326"
DilutedAverageShares,,"60,484,969","54,733,783","41,837,581","41,805,347","41,797,882","37,697,158","55,625,326","55,625,326","55,625,326",,"55,625,326","55,625,326"
TotalOperatingIncomeAsReported,"-31,387,000","-21,450,000","-3,150,000","-1,047,000","-5,740,000","21,998,000","5,908,000","6,933,000","-4,593,000","12,989,000","13,703,000","-2,038,000","-16,299,000"
TotalExpenses,"487,961,000","137,894,000","133,338,000","107,488,000","109,241,000","59,780,000","92,120,000","78,975,000","62,610,000","65,656,000","83,816,000","65,967,000","59,614,000"
NetIncomeFromContinuingAndDiscontinuedOperation,"-16,838,000","-11,277,000","-364,000","-1,071,000","-4,126,000","24,936,000","2,776,000","8,457,000","-5,766,000","10,944,000","5,637,000","-6,049,000","-21,018,000"
NormalizedIncome,"-8,881,038.969","-10,648,422","-199,020","692,280","483,950","24,936,000","3,179,474.371","8,457,000","-5,766,000","10,944,000","5,865,968.574","-5,253,400","-14,692,200"
InterestIncome,,"1,550,000",,,,,,,,,,,
InterestExpense,,,"960,000","1,347,000",,,"2,656,000","1,880,000",,,"7,644,000","3,555,000","3,854,000"
NetInterestIncome,"-2,438,000","1,550,000","-960,000","-1,347,000","-1,681,000","2,876,000","-2,656,000","-1,880,000","-2,834,000","-2,381,000","-7,644,000","-3,555,000","-3,854,000"
EBIT,"-33,870,000","-20,604,000","-3,658,000","-1,804,000","575,000","21,998,000","5,797,000","10,218,000","-4,593,000","12,989,000","13,849,000","-1,891,000","-16,795,000"
EBITDA,"6,300,000"
ReconciledCostOfRevenue,"117,080,000","32,363,000","33,664,000","23,177,000","27,876,000","16,963,000","20,401,000","17,835,000","12,233,000","15,969,000","18,874,000","12,928,000","10,984,000"
ReconciledDepreciation,"40,170,000","12,479,000","11,690,000","8,522,000","7,479,000","7,184,000","6,854,000","7,276,000","7,248,000","7,265,000","7,344,000","9,137,000","8,394,000"
NetIncomeFromContinuingOperationNetMinorityInterest,"-16,838,000","-11,277,000","-364,000","-1,071,000","-4,126,000","24,936,000","2,776,000","8,457,000","-5,766,000","10,944,000","5,836,000","-6,049,000","-21,018,000"
TotalUnusualItemsExcludingGoodwill,"-9,836,000","-846,000","-226,000","-2,449,000","-6,315,000",,"-563,000","0","0",,"-35,000","-1,326,000","-10,543,000"
TotalUnusualItems,"-9,836,000","-846,000","-226,000","-2,449,000","-6,315,000",,"-563,000","0","0",,"-35,000","-1,326,000","-10,543,000"
NormalizedEBITDA,"16,136,000","-7,279,000","8,258,000","9,167,000","14,369,000","29,182,000","13,214,000","17,494,000","2,655,000","20,254,000","21,228,000","8,572,000","2,142,000"
TaxRateForCalcs,"0.191","0.257","0.27","0.28","0.27","0.003","0.283","0.045","0.018","0.004","0.144","0.4","0.4"
TaxEffectOfUnusualItems,"-1,879,038.969","-217,422","-61,020","-685,720","-1,705,050","0","-159,525.629","0","0","0","-5,031.426","-530,400","-4,217,200"