name,ttm,03/31/2022,09/30/2021,06/30/2021,03/31/2021,12/31/2020,09/30/2020,06/30/2020,03/31/2020,12/31/2019,09/30/2019,06/30/2019,03/31/2019,12/31/2018,09/30/2018,06/30/2018,03/31/2018,12/31/2017,09/30/2017,06/30/2017,03/31/2017,09/30/2016,06/30/2016,03/31/2016,12/31/2015,09/30/2015,06/30/2015,03/31/2015,12/31/2014,09/30/2014,06/30/2014,03/31/2014,12/31/2013,09/30/2013,06/30/2013,03/31/2013,12/31/2012,09/30/2012,06/30/2012,03/31/2012,09/30/2011,06/30/2011,03/31/2011,09/30/2010,06/30/2010,03/31/2010,09/30/2009,06/30/2009,03/31/2009,09/30/2008,06/30/2008,03/31/2008,09/30/2007,06/30/2007,03/31/2007,09/30/2006,06/30/2006,03/31/2006,09/30/2005,06/30/2005,03/31/2005,09/30/2004,06/30/2004,03/31/2004,09/30/2003,06/30/2003,03/31/2003,09/30/2002,06/30/2002,03/31/2002,09/30/2001,06/30/2001,03/31/2001,09/30/2000,06/30/2000,03/31/2000,09/30/1999,06/30/1999,03/31/1999,09/30/1998,06/30/1998,03/31/1998,09/30/1997,06/30/1997,03/31/1997,09/30/1996,06/30/1996,03/31/1996,09/30/1995,06/30/1995,03/31/1995,09/30/1994,06/30/1994,03/31/1994,09/30/1993,06/30/1993,03/31/1993
TotalRevenue,,"140,102,000","150,375,000",,"133,184,000","154,179,000","129,897,000",,,,,,,,,,,,,,,,,,,,,,,,,,,,,,,,,,,,,,,,,,,,,,,,,,,,,,,,,,,,,,,,,,,,,,,,,,,,,,,,,,,,,,,,,,
	OperatingRevenue,,"137,101,000","147,319,000",,"129,834,000","150,137,000","126,185,000",,,,,,,,,,,,,,,,,,,,,,,,,,,,,,,,,,,,,,,,,,,,,,,,,,,,,,,,,,,,,,,,,,,,,,,,,,,,,,,,,,,,,,,,,,
CostOfRevenue,,"23,344,000","23,818,000",,"21,802,000","21,050,000","20,396,000",,,,,,,,,,,,,,,,,,,,,,,,,,,,,,,,,,,,,,,,,,,,,,,,,,,,,,,,,,,,,,,,,,,,,,,,,,,,,,,,,,,,,,,,,,
GrossProfit,,"116,758,000","126,557,000",,"111,382,000","133,129,000","109,501,000",,,,,,,,,,,,,,,,,,,,,,,,,,,,,,,,,,,,,,,,,,,,,,,,,,,,,,,,,,,,,,,,,,,,,,,,,,,,,,,,,,,,,,,,,,
OperatingExpense,,"112,018,000","83,524,000",,"88,056,000","69,549,000","104,614,000",,,,,,,,,,,,,,,,,,,,,,,,,,,,,,,,,,,,,,,,,,,,,,,,,,,,,,,,,,,,,,,,,,,,,,,,,,,,,,,,,,,,,,,,,,
	SellingGeneralAndAdministration,,"18,074,000","13,502,000",,"12,612,000","-8,635,000","25,497,000",,,,,,,,,,,,,,,,,,,,,,,,,,,,,,,,,,,,,,,,,,,,,,,,,,,,,,,,,,,,,,,,,,,,,,,,,,,,,,,,,,,,,,,,,,
		GeneralAndAdministrativeExpense,,"18,074,000","13,502,000",,"12,612,000","-8,635,000","25,497,000",,,,,,,,,,,,,,,,,,,,,,,,,,,,,,,,,,,,,,,,,,,,,,,,,,,,,,,,,,,,,,,,,,,,,,,,,,,,,,,,,,,,,,,,,,
			OtherGandA,,"18,074,000","13,502,000",,"12,612,000","-8,635,000","25,497,000",,,,,,,,,,,,,,,,,,,,,,,,,,,,,,,,,,,,,,,,,,,,,,,,,,,,,,,,,,,,,,,,,,,,,,,,,,,,,,,,,,,,,,,,,,
	DepreciationAmortizationDepletionIncomeStatement,,"68,943,000","46,479,000",,"48,112,000","52,988,000","53,477,000",,,,,,,,,,,,,,,,,,,,,,,,,,,,,,,,,,,,,,,,,,,,,,,,,,,,,,,,,,,,,,,,,,,,,,,,,,,,,,,,,,,,,,,,,,
		DepreciationAndAmortizationInIncomeStatement,,"68,943,000","46,479,000",,"48,112,000","52,988,000","53,477,000",,,,,,,,,,,,,,,,,,,,,,,,,,,,,,,,,,,,,,,,,,,,,,,,,,,,,,,,,,,,,,,,,,,,,,,,,,,,,,,,,,,,,,,,,,
	OtherTaxes,,"14,435,000","13,957,000",,"16,551,000","16,186,000","17,215,000",,,,,,,,,,,,,,,,,,,,,,,,,,,,,,,,,,,,,,,,,,,,,,,,,,,,,,,,,,,,,,,,,,,,,,,,,,,,,,,,,,,,,,,,,,
	OtherOperatingExpenses,,"10,566,000","9,586,000",,"10,781,000","9,010,000","8,425,000",,,,,,,,,,,,,,,,,,,,,,,,,,,,,,,,,,,,,,,,,,,,,,,,,,,,,,,,,,,,,,,,,,,,,,,,,,,,,,,,,,,,,,,,,,
OperatingIncome,,"4,740,000","43,033,000",,"23,326,000","63,580,000","4,887,000",,,,,,,,,,,,,,,,,,,,,,,,,,,,,,,,,,,,,,,,,,,,,,,,,,,,,,,,,,,,,,,,,,,,,,,,,,,,,,,,,,,,,,,,,,
NetNonOperatingInterestIncomeExpense,,"-90,504,000","-18,529,000",,"-23,354,000","-38,770,000","-59,162,000",,,,,,,,,,,,,,,,,,,,,,,,,,,,,,,,,,,,,,,,,,,,,,,,,,,,,,,,,,,,,,,,,,,,,,,,,,,,,,,,,,,,,,,,,,
	InterestIncomeNonOperating,,"155,000","510,000",,"776,000","1,133,000","1,975,000",,,,,,,,,,,,,,,,,,,,,,,,,,,,,,,,,,,,,,,,,,,,,,,,,,,,,,,,,,,,,,,,,,,,,,,,,,,,,,,,,,,,,,,,,,
	InterestExpenseNonOperating,,"90,659,000","19,039,000",,"24,130,000","39,903,000","61,137,000",,,,,,,,,,,,,,,,,,,,,,,,,,,,,,,,,,,,,,,,,,,,,,,,,,,,,,,,,,,,,,,,,,,,,,,,,,,,,,,,,,,,,,,,,,
OtherIncomeExpense,,"43,342,000","-68,619,000",,"-27,501,000","-104,181,000","10,397,000",,,,,,,,,,,,,,,,,,,,,,,,,,,,,,,,,,,,,,,,,,,,,,,,,,,,,,,,,,,,,,,,,,,,,,,,,,,,,,,,,,,,,,,,,,
	GainOnSaleOfSecurity,,"16,000","8,684,000",,"-299,000","1,988,000","-55,000",,,,,,,,,,,,,,,,,,,,,,,,,,,,,,,,,,,,,,,,,,,,,,,,,,,,,,,,,,,,,,,,,,,,,,,,,,,,,,,,,,,,,,,,,,
	EarningsFromEquityInterest,,"8,566,000","-2,224,000",,"-3,076,000","-2,404,000","-7,389,000",,,,,,,,,,,,,,,,,,,,,,,,,,,,,,,,,,,,,,,,,,,,,,,,,,,,,,,,,,,,,,,,,,,,,,,,,,,,,,,,,,,,,,,,,,
	SpecialIncomeCharges,,"34,760,000","-75,079,000",,"-24,126,000","-103,765,000","17,841,000",,,,,,,,,,,,,,,,,,,,,,,,,,,,,,,,,,,,,,,,,,,,,,,,,,,,,,,,,,,,,,,,,,,,,,,,,,,,,,,,,,,,,,,,,,
		RestructuringAndMergernAcquisition,,"1,571,000","12,008,000",,"22,933,000","35,977,000","0",,,,,,,,,,,,,,,,,,,,,,,,,,,,,,,,,,,,,,,,,,,,,,,,,,,,,,,,,,,,,,,,,,,,,,,,,,,,,,,,,,,,,,,,,,
		ImpairmentOfCapitalAssets,,"0","63,160,000",,"57,182,000","66,394,000","46,000",,,,,,,,,,,,,,,,,,,,,,,,,,,,,,,,,,,,,,,,,,,,,,,,,,,,,,,,,,,,,,,,,,,,,,,,,,,,,,,,,,,,,,,,,,
		OtherSpecialCharges,,"-81,000","-89,000",,"-858,000","1,394,000","-17,887,000",,,,,,,,,,,,,,,,,,,,,,,,,,,,,,,,,,,,,,,,,,,,,,,,,,,,,,,,,,,,,,,,,,,,,,,,,,,,,,,,,,,,,,,,,,
		GainOnSaleOfBusiness,,"36,250,000","0",,"55,131,000","0","0",,,,,,,,,,,,,,,,,,,,,,,,,,,,,,,,,,,,,,,,,,,,,,,,,,,,,,,,,,,,,,,,,,,,,,,,,,,,,,,,,,,,,,,,,,
PretaxIncome,,"-42,422,000","-44,115,000",,"-27,529,000","-79,371,000","-43,878,000",,,,,,,,,,,,,,,,,,,,,,,,,,,,,,,,,,,,,,,,,,,,,,,,,,,,,,,,,,,,,,,,,,,,,,,,,,,,,,,,,,,,,,,,,,
TaxProvision,,"801,000","-1,234,000",,"751,000","-353,000","546,000",,,,,,,,,,,,,,,,,,,,,,,,,,,,,,,,,,,,,,,,,,,,,,,,,,,,,,,,,,,,,,,,,,,,,,,,,,,,,,,,,,,,,,,,,,
NetIncomeCommonStockholders,,"-40,722,000","-41,720,000",,"-26,763,000","-63,045,000","-54,101,000",,,,,,,,,,,,,,,,,,,,,,,,,,,,,,,,,,,,,,,,,,,,,,,,,,,,,,,,,,,,,,,,,,,,,,,,,,,,,,,,,,,,,,,,,,
	NetIncome,,"-40,722,000","-41,720,000",,"-26,763,000","-59,304,000","-42,878,000",,,,,,,,,,,,,,,,,,,,,,,,,,,,,,,,,,,,,,,,,,,,,,,,,,,,,,,,,,,,,,,,,,,,,,,,,,,,,,,,,,,,,,,,,,
		NetIncomeIncludingNoncontrollingInterests,,"-43,223,000","-42,881,000",,"-28,280,000","-79,018,000","-44,424,000",,,,,,,,,,,,,,,,,,,,,,,,,,,,,,,,,,,,,,,,,,,,,,,,,,,,,,,,,,,,,,,,,,,,,,,,,,,,,,,,,,,,,,,,,,
			NetIncomeContinuousOperations,,"-43,223,000","-42,881,000",,"-28,280,000","-79,018,000","-44,424,000",,,,,,,,,,,,,,,,,,,,,,,,,,,,,,,,,,,,,,,,,,,,,,,,,,,,,,,,,,,,,,,,,,,,,,,,,,,,,,,,,,,,,,,,,,
		MinorityInterests,,"2,501,000","1,161,000",,"1,517,000","19,714,000","1,546,000",,,,,,,,,,,,,,,,,,,,,,,,,,,,,,,,,,,,,,,,,,,,,,,,,,,,,,,,,,,,,,,,,,,,,,,,,,,,,,,,,,,,,,,,,,
	PreferredStockDividends,,,,,,"3,741,000","11,223,000",,,,,,,,,,,,,,,,,,,,,,,,,,,,,,,,,,,,,,,,,,,,,,,,,,,,,,,,,,,,,,,,,,,,,,,,,,,,,,,,,,,,,,,,,,
DilutedNIAvailtoComStockholders,,"-40,722,000","-41,720,000",,"-26,763,000","-63,045,000","-54,101,000",,,,,,,,,,,,,,,,,,,,,,,,,,,,,,,,,,,,,,,,,,,,,,,,,,,,,,,,,,,,,,,,,,,,,,,,,,,,,,,,,,,,,,,,,,
BasicEPS,,"-1.45","-2.087","-0.05","-1.339",,"-2.706","-0.36","-0.75","0.27","-0.26","-0.2","-0.29","-0.39","-0.07","-0.2","-0.06","0.15","-0.01","0.18","0.13","-0.06","0.3","0.17","-0.2","0.15","0.18","0.21","0.38","0.22","0.16","0.26","-0.01","0.14","0.003","0.12","0.33","-0.02","0.12","0.1","-0.18","0.07","0.25","0.07","-0.05","0.08","0.08","0.1","0.02","0.06","0.15","0.09","0.26","0.18","0.27","0.22","0.33","0.33","0.95","0.33","0.81","0.64","0.71","1","0.67","0.7","0.76","0.59","0.65","0.66","0.32","0.48","0.6","0.58","0.62","0.58","0.255","0.265","0.245","0.16","0.19","0.22","0.155","0.16","0.18","0.14","0.26","0.16","0.13","0.15","0.135","0.12","0.13","0.13","0.195","0.18","0.175"
DilutedEPS,,"-1.45","-2.087","-0.05","-1.339",,"-2.706","-0.36","-0.75","0.27","-0.26","-0.2","-0.29","-0.39","-0.07","-0.2","-0.06","0.15","-0.01","0.18","0.13","-0.06","0.3","0.17","-0.2","0.15","0.18","0.2","0.38","0.22","0.16","0.26","-0.01","0.14","0.003","0.12","0.33","-0.02","0.12","0.1","-0.18","0.07","0.25","0.07","-0.05","0.08","0.08","0.1","0.02","0.06","0.15","0.09","0.26","0.17","0.26","0.22","0.32","0.32","0.92","0.32","0.78","0.62","0.68","0.96","0.65","0.68","0.74","0.57","0.63","0.64","0.32","0.47","0.6","0.58","0.61","0.58","0.25","0.26","0.245","0.16","0.19","0.22","0.145","0.155","0.18","0.14","0.26","0.16","0.13","0.15","0.135","0.12","0.13","0.13","0.195","0.18","0.175"
BasicAverageShares,,"27,998,000","19,989,717","196,458,000","19,989,717",,"19,989,717","191,962,000","179,133,000","173,578,000","173,471,000","173,473,000","173,252,000","172,665,000","172,665,000","172,662,000","171,943,000","171,098,000","171,096,000","171,095,000","170,989,000","170,792,000","170,792,000","170,669,000","170,495,000","170,494,000","170,494,000","170,420,000","170,261,000","170,262,000","170,267,000","170,196,000","169,930,000","169,906,000","166,607,000","161,540,000","160,841,000","158,689,000","150,913,000","148,495,000","148,363,000","148,356,000","148,069,000","138,075,000","138,068,000","137,967,000","137,860,000","82,918,000","71,161,000","66,047,000","65,982,000","65,897,000","65,343,000","65,246,000","65,109,000","64,174,000","64,003,000","62,655,000","62,940,000","62,685,000","31,224,000","30,770,000","30,600,000","30,324,000","30,022,000","29,886,000","29,726,000","29,616,000","29,084,000","26,356,000","25,474,000","25,312,000","25,132,000","24,954,000","24,827,000","24,754,000","49,354,000","49,258,000","49,148,000","24,064,000","24,082,000","24,075,000","24,044,000","24,007,000","23,974,000","48,571,429","41,923,077","41,875,000","35,384,615","33,333,333","33,333,333","33,333,333","33,076,923","32,307,692","51,600,000","51,600,000","51,600,000"
DilutedAverageShares,,"27,998,000","19,989,717","196,458,000","19,989,717",,"19,989,717","191,962,000","179,133,000","173,578,000","173,471,000","173,473,000","173,252,000","172,665,000","172,665,000","172,662,000","171,943,000","171,098,000","171,096,000","171,095,000","170,989,000","170,792,000","170,792,000","170,669,000","170,495,000","170,494,000","170,494,000","170,510,000","170,261,000","170,262,000","170,267,000","170,196,000","169,930,000","169,906,000","166,607,000","161,540,000","160,881,000","158,731,000","150,954,000","148,538,000","148,405,000","148,398,000","148,123,000","138,121,000","138,112,000","138,006,000","137,899,000","82,957,000","71,196,000","66,209,000","66,206,000","66,109,000","65,876,000","65,922,000","65,886,000","65,496,000","65,385,000","64,283,000","65,253,000","65,004,000","32,397,000","31,983,000","31,755,000","31,567,000","31,301,000","31,066,000","30,803,000","30,476,000","29,943,000","27,121,000","26,016,000","25,762,000","25,503,000","25,183,000","24,995,000","24,815,000","49,870,000","49,742,000","49,590,000","24,064,000","24,082,000","24,075,000","24,044,000","24,007,000","23,974,000","48,571,429","41,923,077","41,875,000","35,384,615","33,333,333","33,333,333","33,333,333","33,076,923","32,307,692","51,600,000","51,600,000","51,600,000"
TotalExpenses,,"135,362,000","107,342,000",,"109,858,000","90,599,000","125,010,000",,,,,,,,,,,,,,,,,,,,,,,,,,,,,,,,,,,,,,,,,,,,,,,,,,,,,,,,,,,,,,,,,,,,,,,,,,,,,,,,,,,,,,,,,,
NetIncomeFromContinuingAndDiscontinuedOperation,,"-40,722,000","-41,720,000",,"-26,763,000","-59,304,000","-42,878,000",,,,,,,,,,,,,,,,,,,,,,,,,,,,,,,,,,,,,,,,,,,,,,,,,,,,,,,,,,,,,,,,,,,,,,,,,,,,,,,,,,,,,,,,,,
NormalizedIncome,,"-61,587,600","22,817,776.153",,"-8,932,750","42,020,350.027","-55,861,780",,,,,,,,,,,,,,,,,,,,,,,,,,,,,,,,,,,,,,,,,,,,,,,,,,,,,,,,,,,,,,,,,,,,,,,,,,,,,,,,,,,,,,,,,,
InterestIncome,,"155,000","510,000",,"776,000","1,133,000","1,975,000",,,,,,,,,,,,,,,,,,,,,,,,,,,,,,,,,,,,,,,,,,,,,,,,,,,,,,,,,,,,,,,,,,,,,,,,,,,,,,,,,,,,,,,,,,
InterestExpense,,"90,659,000","19,039,000",,"24,130,000","39,903,000","61,137,000",,,,,,,,,,,,,,,,,,,,,,,,,,,,,,,,,,,,,,,,,,,,,,,,,,,,,,,,,,,,,,,,,,,,,,,,,,,,,,,,,,,,,,,,,,
NetInterestIncome,,"-90,504,000","-18,529,000",,"-23,354,000","-38,770,000","-59,162,000",,,,,,,,,,,,,,,,,,,,,,,,,,,,,,,,,,,,,,,,,,,,,,,,,,,,,,,,,,,,,,,,,,,,,,,,,,,,,,,,,,,,,,,,,,
EBIT,,"48,237,000","-25,076,000",,"-3,399,000","-39,468,000","17,259,000",,,,,,,,,,,,,,,,,,,,,,,,,,,,,,,,,,,,,,,,,,,,,,,,,,,,,,,,,,,,,,,,,,,,,,,,,,,,,,,,,,,,,,,,,,
ReconciledCostOfRevenue,,"17,021,000","23,818,000",,"21,744,000","20,905,000","20,396,000",,,,,,,,,,,,,,,,,,,,,,,,,,,,,,,,,,,,,,,,,,,,,,,,,,,,,,,,,,,,,,,,,,,,,,,,,,,,,,,,,,,,,,,,,,
ReconciledDepreciation,,"75,266,000","46,479,000",,"48,170,000","53,133,000","53,477,000",,,,,,,,,,,,,,,,,,,,,,,,,,,,,,,,,,,,,,,,,,,,,,,,,,,,,,,,,,,,,,,,,,,,,,,,,,,,,,,,,,,,,,,,,,
NetIncomeFromContinuingOperationNetMinorityInterest,,"-40,722,000","-41,720,000",,"-26,763,000","-59,304,000","-42,878,000",,,,,,,,,,,,,,,,,,,,,,,,,,,,,,,,,,,,,,,,,,,,,,,,,,,,,,,,,,,,,,,,,,,,,,,,,,,,,,,,,,,,,,,,,,
TotalUnusualItemsExcludingGoodwill,"59,201,000","34,776,000","-66,395,000",,"-24,425,000","-101,777,000","17,786,000",,,,,,,,,,,,,,,,,,,,,,,,,,,,,,,,,,,,,,,,,,,,,,,,,,,,,,,,,,,,,,,,,,,,,,,,,,,,,,,,,,,,,,,,,,
TotalUnusualItems,"59,201,000","34,776,000","-66,395,000",,"-24,425,000","-101,777,000","17,786,000",,,,,,,,,,,,,,,,,,,,,,,,,,,,,,,,,,,,,,,,,,,,,,,,,,,,,,,,,,,,,,,,,,,,,,,,,,,,,,,,,,,,,,,,,,
NormalizedEBITDA,,"88,727,000","87,798,000",,"69,196,000","115,442,000","52,950,000",,,,,,,,,,,,,,,,,,,,,,,,,,,,,,,,,,,,,,,,,,,,,,,,,,,,,,,,,,,,,,,,,,,,,,,,,,,,,,,,,,,,,,,,,,
TaxRateForCalcs,,"0.4","0.028",,"0.27","0.004","0.27",,,,,,,,,,,,,,,,,,,,,,,,,,,,,,,,,,,,,,,,,,,,,,,,,,,,,,,,,,,,,,,,,,,,,,,,,,,,,,,,,,,,,,,,,,
TaxEffectOfUnusualItems,,"13,910,400","-1,857,223.847",,"-6,594,750","-452,649.973","4,802,220",,,,,,,,,,,,,,,,,,,,,,,,,,,,,,,,,,,,,,,,,,,,,,,,,,,,,,,,,,,,,,,,,,,,,,,,,,,,,,,,,,,,,,,,,,