name,ttm,03/31/2022,12/31/2021,09/30/2021,06/30/2021,03/31/2021,12/31/2020,09/30/2020,06/30/2020,03/31/2020,12/31/2019,09/30/2019,06/30/2019,03/31/2019,12/31/2018,09/30/2018,06/30/2018,03/31/2018,12/31/2017,09/30/2017,06/30/2017,03/31/2017,12/31/2016,09/30/2016,06/30/2016,03/31/2016,12/31/2015,09/30/2015,06/30/2015,03/31/2015,12/31/2014,09/30/2014,06/30/2014,03/31/2014,12/31/2013,09/30/2013,06/30/2013,03/31/2013,12/31/2012,09/30/2012,06/30/2012,03/31/2012,12/31/2011,09/30/2011,06/30/2011,03/31/2011,12/31/2010,09/30/2010
TotalRevenue,"27,136,000","5,459,000","2,287,000","17,691,000","1,699,000","10,223,000","4,227,000","5,027,000","49,283,000","5,855,000","9,871,000","10,581,000","7,173,000","8,327,000","9,332,000","8,975,000","15,022,000","9,546,000","56,301,000","9,029,000","8,937,000","8,230,000","4,684,000","4,131,000","2,620,000","0","0","0","0","0","0","0","0","0","725,000","1,522,000","1,886,000","1,927,000","2,145,000","1,128,000","1,128,000","1,018,000","26,052,000","1,441,000","1,232,000","2,948,000","13,115,000","1,972,000"
	OperatingRevenue,"27,136,000","5,459,000","2,287,000","17,691,000","1,699,000","10,223,000","4,227,000","5,027,000","49,283,000","5,855,000","9,871,000","10,581,000","7,173,000","8,327,000","9,332,000","8,975,000","15,022,000","9,546,000","56,301,000","9,029,000","8,937,000","8,230,000","4,684,000","4,131,000","2,620,000","0","0","0","0","0","0","0","0","0","725,000","1,522,000","1,886,000","1,927,000","2,145,000","1,128,000","1,128,000","1,018,000","26,052,000","1,441,000","1,232,000","2,948,000","13,115,000","1,972,000"
CostOfRevenue,"507,000","205,000","302,000",,,,,,,,,,,,,,,,,,,,,,,,,,,,,,,,,,,,,"0","0","0","0","0","0","0","0","0"
GrossProfit,"26,629,000","5,254,000","1,985,000",,,,,,,,,,,,,,,,,,,,,,,,,,,,,,,,,,,,,"1,128,000","1,128,000","1,018,000","26,052,000","1,441,000","1,232,000","2,948,000","13,115,000","1,972,000"
OperatingExpense,"165,454,000","43,487,000","42,036,000","39,494,000","40,437,000","39,550,000","33,808,000","28,886,000","28,897,000","27,978,000","25,994,000","24,212,000","23,194,000","20,855,000","20,728,000","20,508,000","22,507,000","19,402,000","17,009,000","15,939,000","18,513,000","14,543,000","12,600,000","11,462,000","12,764,000","15,329,000","11,660,000","11,742,000","12,178,000","12,109,000","12,290,000","11,053,000","12,384,000","11,672,000","10,396,000","11,075,000","11,485,000","12,219,000","12,046,000","11,365,000","12,167,000","9,471,000","7,339,000","10,093,000","9,214,000","9,328,000","10,071,000","10,847,000"
	SellingGeneralAndAdministration,"88,600,000","26,011,000","23,293,000","19,598,000","19,698,000","16,262,000","12,712,000","10,362,000","10,292,000","8,820,000","6,968,000","6,116,000","5,570,000","5,501,000","5,628,000","5,373,000","4,748,000","4,660,000","4,128,000","3,624,000","4,184,000","4,573,000","3,556,000","3,193,000","3,877,000","4,084,000","3,430,000","3,811,000","3,576,000","3,689,000","3,169,000","3,510,000","3,382,000","3,523,000","2,979,000","2,882,000","2,809,000","2,964,000","2,826,000","2,619,000","2,473,000","2,562,000","1,894,000","1,772,000","1,941,000","2,008,000","1,929,000","1,652,000"
		GeneralAndAdministrativeExpense,,"26,011,000",,"19,598,000","19,698,000","16,262,000","12,712,000","10,362,000","10,292,000","8,820,000","6,968,000","6,116,000","5,570,000","5,501,000","5,628,000","5,373,000","4,748,000","4,660,000","4,128,000","3,624,000","4,184,000","4,573,000","3,556,000","3,193,000","3,877,000","4,084,000","3,430,000","3,811,000","3,576,000","3,689,000","3,169,000","3,510,000","3,382,000","3,523,000","2,979,000","2,882,000","2,809,000","2,964,000","2,826,000",,,,,,,,,
			OtherGandA,,"26,011,000",,"19,598,000","19,698,000","16,262,000","12,712,000","10,362,000","10,292,000","8,820,000","6,968,000","6,116,000","5,570,000","5,501,000","5,628,000","5,373,000","4,748,000","4,660,000","4,128,000","3,624,000","4,184,000","4,573,000","3,556,000","3,193,000","3,877,000","4,084,000","3,430,000","3,811,000","3,576,000","3,689,000","3,169,000","3,510,000","3,382,000","3,523,000","2,979,000","2,882,000","2,809,000","2,964,000","2,826,000",,,,,,,,,
	ResearchAndDevelopment,"77,048,000","17,476,000","18,771,000","19,948,000","20,853,000","23,418,000","21,227,000","18,582,000","18,762,000","19,311,000","19,202,000","18,096,000","17,624,000","15,354,000","15,100,000","15,135,000","17,759,000","14,742,000","12,881,000","12,315,000","14,329,000","9,970,000","9,249,000","8,389,000","9,062,000","11,245,000","8,230,000","7,931,000","8,602,000","8,420,000","9,121,000","7,543,000","9,002,000","8,149,000","7,417,000","8,193,000","8,676,000","9,255,000","9,220,000","8,746,000","9,694,000","6,909,000","5,445,000","8,321,000","7,273,000","7,320,000","8,142,000","9,195,000"
	OtherOperatingExpenses,,,"-28,000","-52,000","-114,000","-130,000","-131,000","-58,000","-157,000","-153,000","-176,000",,,,,,,,,,,,"-205,000","-120,000","-175,000",,,,,,,,,,,,,,,,,,,,,,,
OperatingIncome,"-138,825,000","-38,233,000","-40,051,000","-21,803,000","-38,738,000","-29,327,000","-29,581,000","-23,859,000","20,386,000","-22,123,000","-16,123,000","-13,631,000","-16,021,000","-12,528,000","-11,396,000","-11,533,000","-7,485,000","-9,856,000","39,292,000","-6,910,000","-9,576,000","-6,313,000","-7,916,000","-7,331,000","-10,144,000","-15,329,000","-11,660,000","-11,742,000","-12,178,000","-12,109,000","-12,290,000","-11,053,000","-12,384,000","-11,672,000","-9,671,000","-9,553,000","-9,599,000","-10,292,000","-9,901,000","-10,237,000","-11,039,000","-8,453,000","18,713,000","-8,652,000","-7,982,000","-6,380,000","3,044,000","-8,875,000"
NetNonOperatingInterestIncomeExpense,"-1,827,000","-375,000","-477,000","-504,000","-471,000","-384,000","-295,000","-201,000","-119,000","436,000","595,000","769,000","871,000","579,000","611,000","643,000","611,000","439,000","363,000","350,000","336,000","317,000","251,000","259,000","161,000","86,000","86,000","95,000","100,000","103,000","100,000","112,000","123,000","135,000","128,000","120,000","95,000","99,000","104,000","121,000","146,000","-632,000","-481,000","-22,000","79,000","92,000","93,000","92,000"
	InterestIncomeNonOperating,"776,000","222,000","166,000","164,000","224,000","305,000","405,000","499,000","576,000","984,000","1,113,000","1,311,000","1,418,000","1,121,000","1,057,000","1,066,000","792,000","613,000","367,000","350,000","336,000","317,000","251,000","259,000","161,000","86,000","86,000","95,000","100,000","103,000","103,000","116,000","129,000","146,000","141,000","134,000","110,000","116,000","122,000","141,000","167,000","103,000","83,000","95,000","105,000","119,000","114,000","116,000"
	InterestExpenseNonOperating,"2,603,000","597,000","643,000","668,000","695,000","689,000","700,000","700,000","695,000","548,000","518,000","542,000","547,000","542,000","446,000","423,000","181,000","174,000",,,,,,,,,"0","0","0","0","3,000","4,000","6,000","11,000","13,000","14,000","15,000","17,000","18,000","20,000","21,000","735,000","564,000","117,000","26,000","27,000","21,000","24,000"
OtherIncomeExpense,,"-375,000","-477,000",,,"-384,000","-295,000","-201,000",,,"595,000",,,,"611,000",,,,"363,000",,,,,,,,,,,,,,,,,,,,,,,,"0","16,000",,,"1,944,000","-10,000"
	SpecialIncomeCharges,,,,,,,,,,,,,,,,,,,,,,,,,,,,,,,,,,,,,,,,"0",,,"0","16,000",,,"1,944,000","-10,000"
		OtherSpecialCharges,,,,,,,,,,,,,,,,,,,,,,,,,,,,,,,,,,,,,,,,,,,"0","-16,000",,,,
	OtherNonOperatingIncomeExpenses,,"-375,000","-477,000",,,"-384,000","-295,000","-201,000",,,"595,000",,,,"611,000",,,,"363,000",,,,,,,,,,,,,,,,,,,,,,,,,,,,,
PretaxIncome,"-140,652,000","-38,608,000","-40,528,000","-22,307,000","-39,209,000","-29,711,000","-29,876,000","-24,060,000","20,267,000","-21,687,000","-15,528,000","-12,862,000","-15,150,000","-11,949,000","-10,785,000","-10,890,000","-6,874,000","-9,417,000","39,655,000","-6,560,000","-9,240,000","-5,996,000","-7,665,000","-7,072,000","-9,983,000","-15,243,000","-11,574,000","-11,647,000","-12,078,000","-12,006,000","-12,190,000","-10,941,000","-12,261,000","-11,537,000","-9,543,000","-9,433,000","-9,504,000","-10,193,000","-9,797,000","-10,116,000","-10,893,000","-9,085,000","18,232,000","-8,658,000","-7,903,000","-6,288,000","5,081,000",
TaxProvision,,,,,,,,,,,,,,,,,,,,,,,,,,,,,,,,,,,,,,,,,,,"0",,,,"0",
NetIncomeCommonStockholders,"-140,652,000","-38,608,000","-40,528,000","-22,307,000","-39,209,000","-29,711,000","-29,876,000","-24,060,000","20,267,000","-21,687,000","-15,528,000","-12,862,000","-15,150,000","-11,949,000","-10,785,000","-10,890,000","-6,874,000","-9,417,000","39,655,000","-6,560,000","-9,240,000","-5,996,000","-7,665,000","-7,072,000","-9,983,000","-15,243,000","-11,574,000","-11,647,000","-12,078,000","-12,006,000","-12,190,000","-10,941,000","-12,261,000","-11,537,000","-9,543,000","-9,433,000","-9,504,000","-10,193,000","-9,797,000","-10,116,000","-10,893,000","-9,085,000","18,232,000","-8,658,000","-7,903,000","-6,288,000","5,081,000","-8,720,000"
	NetIncome,"-140,652,000","-38,608,000","-40,528,000","-22,307,000","-39,209,000","-29,711,000","-29,876,000","-24,060,000","20,267,000","-21,687,000","-15,528,000","-12,862,000","-15,150,000","-11,949,000","-10,785,000","-10,890,000","-6,874,000","-9,417,000","39,655,000","-6,560,000","-9,240,000","-5,996,000","-7,665,000","-7,072,000","-9,983,000","-15,243,000","-11,574,000","-11,647,000","-12,078,000","-12,006,000","-12,190,000","-10,941,000","-12,261,000","-11,537,000","-9,543,000","-9,433,000","-9,504,000","-10,193,000","-9,797,000","-10,116,000","-10,893,000","-9,085,000","18,232,000","-8,658,000","-7,903,000","-6,288,000","5,081,000","-8,720,000"
		NetIncomeIncludingNoncontrollingInterests,"-140,652,000","-38,608,000","-40,528,000","-22,307,000","-39,209,000","-29,711,000","-29,876,000","-24,060,000","20,267,000","-21,687,000","-15,528,000","-12,862,000","-15,150,000","-11,949,000","-10,785,000","-10,890,000","-6,874,000","-9,417,000","39,655,000","-6,560,000","-9,240,000","-5,996,000","-7,665,000","-7,072,000","-9,983,000","-15,243,000","-11,574,000","-11,647,000","-12,078,000","-12,006,000","-12,190,000","-10,941,000","-12,261,000","-11,537,000","-9,543,000","-9,433,000","-9,504,000","-10,193,000","-9,797,000","-10,116,000","-10,893,000","-9,085,000","18,232,000","-8,658,000","-7,903,000","-6,288,000","5,081,000","-8,720,000"
			NetIncomeContinuousOperations,"-140,652,000","-38,608,000","-40,528,000","-22,307,000","-39,209,000","-29,711,000","-29,876,000","-24,060,000","20,267,000","-21,687,000","-15,528,000","-12,862,000","-15,150,000","-11,949,000","-10,785,000","-10,890,000","-6,874,000","-9,417,000","39,655,000","-6,560,000","-9,240,000","-5,996,000","-7,665,000","-7,072,000","-9,983,000","-15,243,000","-11,574,000","-11,647,000","-12,078,000","-12,006,000","-12,190,000","-10,941,000","-12,261,000","-11,537,000","-9,543,000","-9,433,000","-9,504,000","-10,193,000","-9,797,000","-10,116,000","-10,893,000","-9,085,000","18,232,000","-8,658,000","-7,903,000","-6,288,000","5,081,000","-8,720,000"
DilutedNIAvailtoComStockholders,"-140,652,000","-38,608,000","-40,528,000","-22,307,000","-39,209,000","-29,711,000","-29,876,000","-24,060,000","20,267,000","-21,687,000","-15,528,000","-12,862,000","-15,150,000","-11,949,000","-10,785,000","-10,890,000","-6,874,000","-9,417,000","39,655,000","-6,560,000","-9,240,000","-5,996,000","-7,665,000","-7,072,000","-9,983,000","-15,243,000","-11,574,000","-11,647,000","-12,078,000","-12,006,000","-12,190,000","-10,941,000","-12,261,000","-11,537,000","-9,543,000","-9,433,000","-9,504,000","-10,193,000","-9,797,000","-10,116,000","-10,893,000","-9,085,000","18,232,000","-8,658,000","-7,903,000","-6,288,000","5,081,000","-8,720,000"
BasicEPS,,"-0.55","-0.58","-0.32","-0.56","-0.43","-0.43","-0.35","0.32","-0.35","-0.26","-0.22","-0.26","-0.23","-0.21","-0.22","-0.14","-0.19","0.81","-0.13","-0.19","-0.12","-0.16","-0.15","-0.22","-0.34","-0.26","-0.26","-0.28","-0.28","-0.28","-0.25","-0.28","-0.27","-0.22","-0.22","-0.23","-0.28","-0.28","-0.28","-0.3","-0.28",,"-0.304","-0.278","-0.221",,
DilutedEPS,,"-0.55","-0.58","-0.32","-0.56","-0.43","-0.43","-0.35","0.29","-0.35","-0.26","-0.22","-0.26","-0.23","-0.21","-0.22","-0.14","-0.19","0.8","-0.13","-0.19","-0.12","-0.16","-0.15","-0.22","-0.34","-0.26","-0.26","-0.28","-0.28","-0.28","-0.25","-0.28","-0.27","-0.22","-0.22","-0.23","-0.28","-0.28","-0.28","-0.3","-0.28",,"-0.304","-0.278","-0.221",,
BasicAverageShares,,"70,835,000","70,111,000","69,894,000","69,788,000","69,608,000","69,253,000","68,922,000","63,282,000","61,295,000","58,938,000","58,205,000","58,056,000","52,395,000","50,520,000","50,341,000","49,542,000","48,853,000","48,709,000","48,602,000","48,224,000","48,115,000","47,900,000","47,763,000","45,785,000","44,277,000","44,145,000","44,070,000","43,842,000","43,502,000","43,384,000","43,336,000","43,274,000","43,107,000","42,877,000","42,839,000","41,337,000","36,611,000","36,277,297","36,180,000","36,169,000","32,931,000",,"28,471,126","28,471,126","28,471,126",,
DilutedAverageShares,,"70,835,000","70,111,000","69,894,000","69,788,000","69,608,000","69,253,000","68,922,000","69,416,000","61,295,000","58,938,000","58,205,000","58,056,000","52,395,000","50,520,000","50,341,000","49,542,000","48,853,000","49,692,000","48,602,000","48,224,000","48,115,000","47,900,000","47,763,000","45,785,000","44,277,000","44,145,000","44,070,000","43,842,000","43,502,000","43,384,000","43,336,000","43,274,000","43,107,000","42,877,000","42,839,000","41,337,000","36,611,000","36,277,297","36,180,000","36,169,000","32,931,000",,"28,471,126","28,471,126","28,471,126",,
TotalOperatingIncomeAsReported,"-138,825,000","-38,233,000","-40,051,000","-21,803,000","-38,738,000","-29,327,000","-29,581,000","-23,859,000","20,386,000","-22,123,000","-16,123,000","-13,631,000","-16,021,000","-12,528,000","-11,396,000","-11,533,000","-7,485,000","-9,856,000","39,292,000","-6,910,000","-9,576,000","-6,313,000","-7,916,000","-7,331,000","-10,144,000","-15,329,000","-11,660,000","-11,742,000","-12,178,000","-12,109,000","-12,290,000","-11,053,000","-12,384,000","-11,672,000","-9,671,000","-9,553,000","-9,599,000","-10,292,000","-9,901,000","-10,237,000","-11,039,000","-8,453,000","18,713,000","-8,652,000","-7,982,000","-6,380,000","3,044,000","-8,875,000"
TotalExpenses,"165,961,000","43,692,000","42,338,000","39,494,000","40,437,000","39,550,000","33,808,000","28,886,000","28,897,000","27,978,000","25,994,000","24,212,000","23,194,000","20,855,000","20,728,000","20,508,000","22,507,000","19,402,000","17,009,000","15,939,000","18,513,000","14,543,000","12,600,000","11,462,000","12,764,000","15,329,000","11,660,000","11,742,000","12,178,000","12,109,000","12,290,000","11,053,000","12,384,000","11,672,000","10,396,000","11,075,000","11,485,000","12,219,000","12,046,000","11,365,000","12,167,000","9,471,000","7,339,000","10,093,000","9,214,000","9,328,000","10,071,000","10,847,000"
NetIncomeFromContinuingAndDiscontinuedOperation,"-140,652,000","-38,608,000","-40,528,000","-22,307,000","-39,209,000","-29,711,000","-29,876,000","-24,060,000","20,267,000","-21,687,000","-15,528,000","-12,862,000","-15,150,000","-11,949,000","-10,785,000","-10,890,000","-6,874,000","-9,417,000","39,655,000","-6,560,000","-9,240,000","-5,996,000","-7,665,000","-7,072,000","-9,983,000","-15,243,000","-11,574,000","-11,647,000","-12,078,000","-12,006,000","-12,190,000","-10,941,000","-12,261,000","-11,537,000","-9,543,000","-9,433,000","-9,504,000","-10,193,000","-9,797,000","-10,116,000","-10,893,000","-9,085,000","18,232,000","-8,658,000","-7,903,000","-6,288,000","5,081,000","-8,720,000"
NormalizedIncome,"-140,652,000","-38,608,000","-40,528,000","-22,307,000","-39,209,000","-29,711,000","-29,876,000","-24,060,000","20,267,000","-21,687,000","-15,528,000","-12,862,000","-15,150,000","-11,949,000","-10,785,000","-10,890,000","-6,874,000","-9,417,000","39,655,000","-6,560,000","-9,240,000","-5,996,000","-7,665,000","-7,072,000","-9,983,000","-15,243,000","-11,574,000","-11,647,000","-12,078,000","-12,006,000","-12,190,000","-10,941,000","-12,261,000","-11,537,000","-9,543,000","-9,433,000","-9,504,000","-10,193,000","-9,797,000","-10,116,000","-10,893,000","-9,085,000","18,232,000","-8,674,000","-7,903,000","-6,288,000","5,081,000","-8,713,500"
InterestIncome,"776,000","222,000","166,000","164,000","224,000","305,000","405,000","499,000","576,000","984,000","1,113,000","1,311,000","1,418,000","1,121,000","1,057,000","1,066,000","792,000","613,000","367,000","350,000","336,000","317,000","251,000","259,000","161,000","86,000","86,000","95,000","100,000","103,000","103,000","116,000","129,000","146,000","141,000","134,000","110,000","116,000","122,000","141,000","167,000","103,000","83,000","95,000","105,000","119,000","114,000","116,000"
InterestExpense,"2,603,000","597,000","643,000","668,000","695,000","689,000","700,000","700,000","695,000","548,000","518,000","542,000","547,000","542,000","446,000","423,000","181,000","174,000",,,,,,,,,"0","0","0","0","3,000","4,000","6,000","11,000","13,000","14,000","15,000","17,000","18,000","20,000","21,000","735,000","564,000","117,000","26,000","27,000","21,000","24,000"
NetInterestIncome,"-1,827,000","-375,000","-477,000","-504,000","-471,000","-384,000","-295,000","-201,000","-119,000","436,000","595,000","769,000","871,000","579,000","611,000","643,000","611,000","439,000","363,000","350,000","336,000","317,000","251,000","259,000","161,000","86,000","86,000","95,000","100,000","103,000","100,000","112,000","123,000","135,000","128,000","120,000","95,000","99,000","104,000","121,000","146,000","-632,000","-481,000","-22,000","79,000","92,000","93,000","92,000"
EBIT,"-138,049,000","-38,011,000","-39,885,000","-21,639,000","-38,514,000","-29,022,000","-29,176,000","-23,360,000","20,962,000","-21,139,000","-15,010,000","-12,320,000","-14,603,000","-11,407,000","-10,339,000","-10,467,000","-6,693,000","-9,243,000","40,662,000","-6,910,000","-9,576,000","-6,313,000","-7,159,000","-7,331,000","-10,144,000","-15,329,000","-11,574,000","-11,647,000","-12,078,000","-12,006,000","-12,187,000","-10,937,000","-12,255,000","-11,526,000","-9,530,000","-9,419,000","-9,489,000","-10,176,000","-9,779,000","-10,096,000","-10,872,000","-8,350,000","18,796,000","-8,541,000","-7,877,000","-6,261,000","5,102,000","-8,063,000"
EBITDA,"-134,010,000"
ReconciledCostOfRevenue,"507,000","205,000","302,000",,,,,,,,,,,,,,,,,,,,,,,,,,,,,,,,,,,,,"0","0","0","0","0","0","0","0","0"
ReconciledDepreciation,"4,039,000","1,017,000","1,016,000","1,003,000","1,003,000","117,000","395,000","-568,000","530,000","440,000","426,000","417,000","419,000","380,000","141,000","144,000","116,000","111,000","107,000","108,000","105,000","98,000","88,000","87,000","87,000","86,000","102,000","116,000","126,000","133,000","129,000","129,000","132,000","153,000","150,000","143,000","141,000","142,000","136,000","145,000","152,000","159,000","185,000","189,000","191,000","189,000","175,000","167,000"
NetIncomeFromContinuingOperationNetMinorityInterest,"-140,652,000","-38,608,000","-40,528,000","-22,307,000","-39,209,000","-29,711,000","-29,876,000","-24,060,000","20,267,000","-21,687,000","-15,528,000","-12,862,000","-15,150,000","-11,949,000","-10,785,000","-10,890,000","-6,874,000","-9,417,000","39,655,000","-6,560,000","-9,240,000","-5,996,000","-7,665,000","-7,072,000","-9,983,000","-15,243,000","-11,574,000","-11,647,000","-12,078,000","-12,006,000","-12,190,000","-10,941,000","-12,261,000","-11,537,000","-9,543,000","-9,433,000","-9,504,000","-10,193,000","-9,797,000","-10,116,000","-10,893,000","-9,085,000","18,232,000","-8,658,000","-7,903,000","-6,288,000","5,081,000","-8,720,000"
TotalUnusualItemsExcludingGoodwill,,,,,,,,,,,,,,,,,,,,,,,,,,,,,,,,,,,,,,,,"0",,,"0","16,000",,,"1,944,000","-10,000"
TotalUnusualItems,,,,,,,,,,,,,,,,,,,,,,,,,,,,,,,,,,,,,,,,"0",,,"0","16,000",,,"1,944,000","-10,000"
NormalizedEBITDA,"-134,010,000","-36,994,000","-38,869,000","-20,636,000","-37,511,000","-28,905,000","-28,781,000","-23,360,000","21,492,000","-20,699,000","-14,584,000","-11,903,000","-14,184,000","-11,027,000","-10,198,000","-10,323,000","-6,577,000","-9,132,000","40,769,000","-6,802,000","-9,471,000","-6,215,000","-7,071,000","-7,244,000","-10,057,000","-15,243,000","-11,472,000","-11,531,000","-11,952,000","-11,873,000","-12,058,000","-10,808,000","-12,123,000","-11,373,000","-9,380,000","-9,276,000","-9,348,000","-10,034,000","-9,643,000","-9,951,000","-10,720,000","-8,191,000","18,981,000","-8,368,000","-7,686,000","-6,072,000","5,277,000","-7,886,000"
TaxRateForCalcs,"0","0","0","0","0","0","0","0","0.27","0","0","0","0","0","0","0","0","0","0.4","0","0","0","0","0","0","0","0","0","0","0","0","0","0","0","0","0","0","0","0","0","0","0","0","0","0","0","0","0.35"
TaxEffectOfUnusualItems,"0","0","0","0","0","0","0","0","0","0","0","0","0","0","0","0","0","0","0","0","0","0","0","0","0","0","0","0","0","0","0","0","0","0","0","0","0","0","0","0","0","0","0","0","0","0","0","-3,500"