name,ttm,03/31/2022,12/31/2021,09/30/2021,06/30/2021,03/31/2021,12/31/2020,09/30/2020,06/30/2020,03/31/2020,12/31/2019,09/30/2019,06/30/2019,03/31/2019,12/31/2018,09/30/2018,06/30/2018,03/31/2018,12/31/2017,09/30/2017,06/30/2017,03/31/2017,12/31/2016,09/30/2016,06/30/2016,03/31/2016,12/31/2015,09/30/2015,06/30/2015,03/31/2015,12/31/2014,09/30/2014,06/30/2014,03/31/2014,12/31/2013,09/30/2013,06/30/2013,03/31/2013,12/31/2012,09/30/2012,06/30/2012,03/31/2012,12/31/2011,09/30/2011,06/30/2011,03/31/2011,12/31/2010,09/30/2010,06/30/2010,03/31/2010,12/31/2009,09/30/2009,06/30/2009,03/31/2009,12/31/2008,09/30/2008,06/30/2008,03/31/2008,12/31/2007,09/30/2007,06/30/2007,03/31/2007,12/31/2006,09/30/2006,06/30/2006,03/31/2006,12/31/2005,09/30/2005,06/30/2005,03/31/2005,12/31/2004,09/30/2004,06/30/2004,03/31/2004,12/31/2003,09/30/2003,06/30/2003,03/31/2003,12/31/2002,09/30/2002,06/30/2002,03/31/2002,12/31/2001,09/30/2001,06/30/2001,03/31/2001,12/31/2000,09/30/2000,06/30/2000,03/31/2000,12/31/1999,09/30/1999,06/30/1999,03/31/1999,12/31/1998,09/30/1998,06/30/1998,03/31/1998,12/31/1997,09/30/1997,06/30/1997,03/31/1997,12/31/1996,09/30/1996,06/30/1996,03/31/1996,12/31/1995,09/30/1995,06/30/1995,03/31/1995,12/31/1994,09/30/1994,06/30/1994,03/31/1994,12/31/1993,09/30/1993,06/30/1993,03/31/1993,10/31/1992,07/31/1992,04/30/1992,01/31/1992,10/31/1991,07/31/1991,04/30/1991,01/31/1991,10/31/1990,07/31/1990,04/30/1990,01/31/1990,10/31/1989,07/31/1989,04/30/1989,01/31/1989,10/31/1988,07/31/1988,04/30/1988,01/31/1988,10/31/1987,07/31/1987,04/30/1987,01/31/1987,10/31/1986,07/31/1986,04/30/1986,01/31/1986,10/31/1985
TotalRevenue,"4,140,000","174,000","334,000","153,000","3,480,000","685,000","3,785,000","668,000","236,000","2,728,000","887,000","546,000","715,000","1,425,000","1,764,000","941,000","2,763,000","4,068,000","3,456,000","3,924,000","3,829,000","1,534,000","1,873,000","2,220,000","1,389,000","1,303,000","1,791,000","1,026,000","2,178,000","486,000","1,477,000","1,101,000","592,000","416,000","620,000","980,000","97,000","2,414,000","3,647,000","3,113,000","2,009,000","2,433,000","2,434,000","2,363,000","1,952,000","2,516,000","37,721,000","2,408,000","2,951,000","3,713,000","4,733,000","4,030,000","2,685,000","3,731,647","2,988,362","2,358,136","1,961,611","147,398","1,719,802","1,191,535","1,009,396","1,182,197","380,132","338,999","505,479","3,706,487","634,306","846,322","637,161","970,552","2,407,300","527,600","893,000","3,030,700","857,700","2,015,100","1,078,400","681,700","810,800","4,560,400","642,800","690,900","935,700","725,500","825,800","859,000","301,600","153,900","153,900","153,800","-16,500","300,000","900,000","300,000","1,100,000","400,000","300,000","400,000","400,000","100,000","700,000","100,000","300,000","100,000","200,000","600,000","900,000","800,000","1,200,000","1,200,000","1,000,000","1,500,000","2,200,000","2,300,000","2,200,000","2,100,000","2,600,000","2,200,000","2,900,000","2,400,000","2,400,000","3,100,000","1,700,000","1,700,000","2,500,000","2,600,000","2,600,000","2,500,000","3,400,000","3,500,000","2,400,000","2,100,000","2,300,000","1,900,000","1,900,000","1,700,000","800,000","1,500,000","1,200,000","1,000,000","200,000","800,000","600,000","200,000","0","100,000","100,000"
	OperatingRevenue,"4,140,000","174,000","334,000","153,000","3,480,000","685,000","3,785,000","668,000","236,000","2,728,000","887,000","546,000","715,000","1,425,000","1,764,000","941,000","2,763,000","4,068,000","3,456,000","3,924,000","3,829,000","1,534,000","1,873,000","2,220,000","1,389,000","1,303,000","1,791,000","1,026,000","2,178,000","486,000","1,477,000","1,101,000","592,000","416,000","620,000","980,000","97,000","2,414,000","3,647,000","3,113,000","2,009,000","2,433,000","2,434,000","2,363,000","1,952,000","2,516,000","37,721,000","2,408,000","2,951,000","3,713,000","4,733,000","4,030,000","2,685,000","3,731,647","2,988,362","2,358,136","1,961,611","147,398","1,719,802","1,191,535","1,009,396","1,182,197","380,132","338,999","505,479","3,706,487","722,452","846,322","582,023","970,552","2,407,300","527,600","893,000","3,030,700","857,700","2,015,100","1,078,400","681,700","810,800","4,560,400","642,800","690,900","935,700","725,500","825,800","859,000","301,600","153,900","153,900","153,800","-16,500","300,000","900,000","300,000","1,100,000","400,000","300,000","400,000","400,000","100,000","700,000","100,000","300,000","100,000","200,000","600,000","900,000","800,000","1,200,000","1,200,000","1,000,000","1,500,000","2,200,000","2,300,000","2,200,000","2,100,000","2,600,000","2,200,000","2,900,000","2,400,000","2,400,000","3,100,000","1,700,000","1,700,000","2,500,000","2,600,000","2,600,000","2,500,000","3,400,000","3,500,000","2,400,000","2,100,000","2,300,000","1,900,000","1,900,000","1,700,000","800,000","1,500,000","1,200,000","1,000,000","200,000","800,000","600,000","200,000","0","100,000","100,000"
CostOfRevenue,,,,,,,,,,,,,,,,,,,,,,,,,,,"0","0","0","0","0","0","0","0","0","0","0","2,334,000","10,775,000","0","1,873,000","2,344,000","2,358,000","2,318,000","1,941,000","2,502,000","6,800,000","1,218,000","1,732,000","2,327,000","8,397,000","0","0","0",,,,,,,,"4,958,702",,,,"4,348,707",,,,,,,,,,,,,"0","10,300","17,000","13,700","10,100","8,400","8,200","-534,300","-181,400","-161,200","-161,400","-185,300","-112,800","-300,000","-100,000","-200,000","0","-200,000","-100,000","-100,000","0","-100,000","-100,000","-100,000",,"-200,000","-100,000","200,000","200,000","400,000","400,000","300,000","300,000","300,000","400,000","300,000","500,000","300,000","300,000","300,000","100,000","400,000","200,000","300,000","300,000","300,000","400,000","300,000","200,000","300,000","200,000","300,000",,,,,,,,,,,,,,,,,
GrossProfit,,,,,,,,,,,,,,,,,,,,,,,,,,,"1,791,000","1,026,000","2,178,000","486,000","1,477,000","1,101,000","592,000","416,000","620,000","980,000","97,000","80,000","-7,128,000","3,113,000","136,000","89,000","76,000","45,000","11,000","14,000","30,921,000","1,190,000","1,219,000","1,386,000","-3,664,000","4,030,000","2,685,000","3,731,647","2,988,362","2,358,136","1,961,611","147,398","1,719,802","1,191,535","1,009,396","-3,776,505","380,132","338,999","505,479","-642,220","634,306",,"637,161","970,552","2,407,300",,"893,000","3,030,700","857,700","2,015,100",,,"810,800","4,550,100","625,800","677,200","925,600","717,100","817,600","1,393,300","483,000","315,100","315,300","339,100","96,300","600,000","1,000,000","500,000","1,100,000","600,000","400,000","500,000","400,000","200,000","800,000","200,000","400,000","300,000","300,000","400,000","700,000","400,000","800,000","900,000","700,000","1,200,000","1,800,000","2,000,000","1,700,000","1,800,000","2,300,000","1,900,000","2,800,000","2,000,000","2,200,000","2,800,000","1,400,000","1,400,000","2,100,000","2,300,000","2,400,000","2,200,000","3,200,000","3,200,000",,,,,,,,,,,,,,,,,
OperatingExpense,"80,925,000","23,967,000","20,919,000","19,378,000","16,662,000","16,841,000","14,048,000","14,348,000","13,233,000","15,361,000","13,558,000","14,504,000","13,989,000","16,047,000","15,540,000","15,640,000","27,069,000","27,692,000","29,582,000","27,485,000","31,757,000","33,246,000","36,725,000","32,213,000","33,755,000","37,007,000","35,229,000","33,397,000","34,928,000","31,467,000","33,528,000","31,443,000","29,141,000","31,905,000","22,734,000","24,249,000","18,755,000","17,481,000","9,422,000","17,864,000","13,624,000","13,377,000","12,459,000","11,523,000","9,892,000","9,722,000","9,855,000","10,069,000","10,505,000","10,793,000","9,521,000","11,186,000","11,408,000","11,518,011","10,629,735","10,936,114","12,321,312","7,568,426","7,130,555","6,697,794","6,878,815","2,292,025","7,398,591","6,483,897","6,829,869","2,237,292","4,911,895","5,510,418","5,540,865","5,990,180","6,215,300","4,345,200","4,886,300","4,994,100","3,744,400","4,182,600","4,273,900","4,166,000","4,401,100","4,947,600","5,952,700","5,794,300","8,054,400","7,298,800","6,972,700","6,079,300","5,706,000","4,641,700","3,303,300","3,242,300","4,040,600","3,300,000","3,400,000","3,500,000","3,600,000","2,900,000","2,000,000","2,000,000","2,100,000","2,300,000","2,700,000","2,200,000","3,100,000","2,600,000","4,700,000","2,600,000","3,900,000","3,700,000","3,400,000","3,600,000","2,900,000","3,700,000","4,400,000","4,300,000","4,200,000","4,700,000","4,300,000","4,100,000","4,200,000","3,500,000","4,100,000","3,600,000","3,500,000","3,100,000","3,400,000","3,300,000","3,400,000","3,400,000","3,100,000","3,400,000",,,,,,,,,,,,,,,,,
	SellingGeneralAndAdministration,"23,278,000","6,911,000","6,241,000","5,821,000","4,306,000","4,121,000","3,623,000","3,640,000","3,528,000","3,666,000","3,219,000","3,403,000","3,908,000","4,896,000","4,333,000","3,722,000","5,621,000","5,593,000","5,894,000","5,346,000","6,534,000","7,229,000","11,930,000","6,950,000","7,790,000","9,307,000","11,076,000","8,487,000","8,184,000","6,089,000","6,249,000","5,004,000","4,787,000","4,582,000","4,677,000","3,578,000","3,411,000","3,138,000","-4,580,000","5,841,000","2,219,000","2,317,000","2,344,000","2,273,000","2,240,000","2,386,000","2,580,000","2,421,000","2,591,000","2,835,000","6,418,000","3,850,000","3,511,000","3,341,253","2,921,925","4,206,081","4,605,482","3,032,758","2,778,505","2,000,271","1,671,138","2,051,977","2,312,347","1,818,799","2,117,192","1,988,514","1,652,766","1,670,306","1,861,095","1,710,784","1,719,600","1,290,600","1,269,700","1,292,100","1,350,400","1,423,700","1,351,700","1,224,700","1,393,100","1,325,600","1,687,500","1,185,900","1,265,400","1,321,700","1,188,200","1,214,300","1,613,500","1,050,500","1,041,900","1,102,400","1,580,200","800,000","1,000,000","1,000,000","1,400,000","900,000","700,000","800,000","800,000","900,000","1,100,000","800,000","1,400,000","900,000","3,200,000","1,000,000","1,600,000","1,600,000","1,300,000","1,400,000","1,300,000","1,300,000","1,700,000","1,500,000","3,800,000","4,200,000","4,100,000","3,900,000","3,900,000","3,400,000","3,900,000","3,500,000","3,300,000","3,000,000","3,200,000","3,200,000","3,200,000","3,300,000","3,000,000","3,300,000",,,,,,,,,,,,,,,,,
		GeneralAndAdministrativeExpense,"23,278,000","6,911,000","6,241,000","5,821,000","4,306,000","4,121,000","3,623,000","3,640,000","3,528,000","3,666,000","3,219,000","3,403,000","3,908,000","4,896,000","4,333,000","3,722,000","5,621,000","5,593,000","5,894,000","5,346,000","6,534,000","7,229,000","11,930,000","6,950,000","7,790,000","9,307,000","11,076,000","8,487,000","8,184,000","6,089,000","6,249,000","5,004,000","4,787,000","4,582,000","4,677,000","3,578,000","3,411,000","3,138,000","2,644,000",,,,,,,,,,,,,,,,,,,,,,,,,,,,,,,,,,,,,,,,,,,,,,,,,,,,,,,,,,,,,,,,,,,,,,,,,,,,,,,,,,,,,,,,,,,,,,,,,,,,,,,,,,,,
			OtherGandA,"23,278,000","6,911,000","6,241,000","5,821,000","4,306,000","4,121,000","3,623,000","3,640,000","3,528,000","3,666,000","3,219,000","3,403,000","3,908,000","4,896,000","4,333,000","3,722,000","5,621,000","5,593,000","5,894,000","5,346,000","6,534,000","7,229,000","11,930,000","6,950,000","7,790,000","9,307,000","11,076,000","8,487,000","8,184,000","6,089,000","6,249,000","5,004,000","4,787,000","4,582,000","4,677,000","3,578,000","3,411,000","3,138,000","2,644,000",,,,,,,,,,,,,,,,,,,,,,,,,,,,,,,,,,,,,,,,,,,,,,,,,,,,,,,,,,,,,,,,,,,,,,,,,,,,,,,,,,,,,,,,,,,,,,,,,,,,,,,,,,,,
	ResearchAndDevelopment,"57,647,000","17,056,000","14,678,000","13,557,000","12,356,000","12,720,000","10,425,000","10,708,000","9,705,000","11,695,000","10,339,000","11,101,000","10,081,000","11,151,000","11,207,000","11,918,000","21,448,000","21,875,000","23,464,000","21,915,000","24,999,000","25,793,000","24,558,000","25,009,000","25,711,000","27,447,000","23,900,000","24,656,000","26,490,000","25,125,000","27,026,000","26,185,000","24,100,000","27,070,000","17,804,000","20,417,000","15,090,000","14,090,000","13,748,000","11,769,000","11,114,000","10,769,000","9,824,000","8,594,000","7,169,000","6,853,000","6,742,000","7,215,000","7,256,000","6,438,000","2,440,000","7,241,000","7,802,000","8,685,941","7,603,836","6,626,059","7,611,666","4,486,774","4,111,982","4,457,475","4,967,629",,"4,837,466","4,416,320","4,463,899",,"3,010,351","3,591,334","3,430,992","4,030,618","4,247,000","2,805,800","3,367,800","3,453,200","2,145,300","2,510,100","2,673,400","2,692,500","2,809,300","3,423,200","4,066,400","4,409,600","6,445,100","5,633,100","5,440,500","3,976,700","3,701,500","3,292,700","1,962,700","1,817,300","2,171,800","1,900,000","1,900,000","1,900,000","1,600,000","1,800,000","1,200,000","1,100,000","1,200,000","1,300,000","1,500,000","1,300,000","1,600,000","1,500,000","1,400,000","1,500,000","2,000,000","2,000,000","2,000,000","2,000,000","1,400,000","2,200,000","2,500,000","2,600,000",,,,,,,,,,,,,,,,,,,,,,,,,,,,,,,,,
	DepreciationAmortizationDepletionIncomeStatement,,,,,,,,,,,"0","0","0","0","0","0","0","224,000","224,000","224,000","224,000","224,000","237,000","254,000","254,000","253,000","253,000","254,000","254,000","253,000","253,000","254,000","254,000","253,000","253,000","254,000","254,000","253,000","254,000","254,000","291,000","291,000","291,000","656,000","483,000","483,000","483,000","483,000","658,000","1,520,000","663,000","95,000","95,000","95,309","103,974","103,974","104,164","48,894","240,068","240,048","240,048","240,048","248,776","248,778","248,778","248,778","248,778","248,778","248,778","248,778","248,700","248,800","248,800","248,800","248,700","248,800","248,800","248,800","198,700","198,800","198,800","198,800","343,900","344,000","344,000","888,300","391,000","298,500","298,700","322,600","288,600","600,000","500,000","600,000","600,000","200,000","100,000","100,000","100,000","100,000","100,000","100,000","100,000","200,000","100,000","100,000","300,000","100,000","100,000","200,000","200,000","200,000","200,000","200,000","400,000","500,000","200,000","200,000","300,000","100,000","200,000","100,000","200,000","100,000","200,000","100,000","200,000","100,000","100,000","100,000",,,,,,,,,,,,,,,,,
		DepreciationAndAmortizationInIncomeStatement,,,,,,,,,,,"0","0","0","0","0","0","0","224,000","224,000","224,000","224,000","224,000","237,000","254,000","254,000","253,000","253,000","254,000","254,000","253,000","253,000","254,000","254,000","253,000","253,000","254,000","254,000","253,000","254,000","254,000","291,000","291,000","291,000","656,000","483,000","483,000","483,000","483,000","658,000","1,520,000","663,000","95,000","95,000","95,309","103,974","103,974","104,164","48,894","240,068","240,048","240,048","240,048","248,776","248,778","248,778","248,778","248,778","248,778","248,778","248,778","248,700","248,800","248,800","248,800","248,700","248,800","248,800","248,800","198,700","198,800","198,800","198,800","343,900","344,000","344,000","888,300","391,000","298,500","298,700","322,600","288,600","600,000","500,000","600,000","600,000","200,000","100,000","100,000","100,000","100,000","100,000","100,000","100,000","200,000","100,000","100,000","300,000","100,000","100,000","200,000","200,000","200,000","200,000","200,000","400,000","500,000","200,000","200,000","300,000","100,000","200,000","100,000","200,000","100,000","200,000","100,000","200,000","100,000","100,000","100,000",,,,,,,,,,,,,,,,,
			DepreciationIncomeStatement,,,,,,,,,,,,,,,,,,,,,,,,,,,,,,,,,,,,,,,,,,,,,,,,,,,,,,,,,,,,,,,,,,,,,,,,,,,,,,,,,,,,,,"544,400",,,,,,,,,,,,,,,,,,,,,,,,,,,,,,,,,,,,,,,,,,,,,,,,,,,,,,,,,,,,,
			Amortization,,,,,,,,,,,"0","0","0","0","0","0","0","224,000","224,000","224,000","224,000","224,000","237,000","254,000","254,000","253,000","253,000","254,000","254,000","253,000","253,000","254,000","254,000","253,000","253,000","254,000","254,000","253,000","254,000","254,000","291,000","291,000","291,000","656,000","483,000","483,000","483,000","483,000","658,000","1,520,000","663,000","95,000","95,000","95,309","103,974","103,974","104,164","48,894","240,068","240,048","240,048","240,048","248,776","248,778","248,778","248,778","248,778","248,778","248,778","248,778","248,700","248,800","248,800","248,800","248,700","248,800","248,800","248,800","198,700","198,800","198,800","198,800","343,900","344,000","344,000","343,900",,,,,,,,,,,,,,,,,,,,,,,,,,,,,,,,,,,,,,,,,,,,,,,,,,,,,,,,,,,,,
				AmortizationOfIntangiblesIncomeStatement,,,,,,,,,,,"0","0","0","0","0","0","0","224,000","224,000","224,000","224,000","224,000","237,000","254,000","254,000","253,000","253,000","254,000","254,000","253,000","253,000","254,000","254,000","253,000","253,000","254,000","254,000","253,000","254,000","254,000","291,000","291,000","291,000","656,000","483,000","483,000","483,000","483,000","658,000","1,520,000","663,000","95,000","95,000","95,309","103,974","103,974","104,164","48,894","240,068","240,048","240,048","240,048","248,776","248,778","248,778","248,778","248,778","248,778","248,778","248,778","248,700","248,800","248,800","248,800","248,700","248,800","248,800","248,800","198,700","198,800","198,800","198,800","343,900","344,000","344,000","343,900",,,,,,,,,,,,,,,,,,,,,,,,,,,,,,,,,,,,,,,,,,,,,,,,,,,,,,,,,,,,,
	OtherOperatingExpenses,,,,,,,,,,,,,,"1,519,000","-1,653,000","-6,935,000","-7,433,000","-13,600,000",,,,,,,,,,,,,,,,,,,,,,,,,,,"1,941,000",,,"-50,000",,,"0",,,"-604,492",,,,,,,,,,,,,,,,,,,,,,,,,,,,,,,,,,,,,,,,,,,,,,,,,,,,,,,,,,,,,,,,,,,,,,,,,,,,,,,,,,,,,,,,,,,,,
OperatingIncome,"-76,785,000","-23,793,000","-20,585,000","-19,225,000","-13,182,000","-16,156,000","-10,263,000","-13,680,000","-12,997,000","-12,633,000","-12,671,000","-13,958,000","-13,274,000","-14,622,000","-13,776,000","-14,699,000","-24,306,000","-23,624,000","-26,126,000","-23,561,000","-27,928,000","-31,712,000","-34,852,000","-29,993,000","-32,366,000","-35,704,000","-33,438,000","-32,371,000","-32,750,000","-30,981,000","-32,051,000","-30,342,000","-28,549,000","-31,489,000","-22,114,000","-23,269,000","-18,658,000","-17,401,000","-16,550,000","-14,751,000","-13,488,000","-13,288,000","-12,383,000","-11,478,000","-9,881,000","-9,708,000","21,066,000","-8,879,000","-9,286,000","-9,407,000","-13,185,000","-7,156,000","-8,723,000","-7,786,364","-7,641,373","-8,577,978","-10,359,701","-7,421,028","-5,410,753","-5,506,259","-5,869,419","-6,068,530","-7,018,459","-6,144,898","-6,324,390","-2,879,512","-4,277,589","-4,664,096","-4,903,704","-5,019,628","-3,808,000","-3,817,600","-3,993,300","-1,963,400","-2,886,700","-2,167,500","-3,195,500","-3,484,300","-3,590,300","-397,500","-5,326,900","-5,117,100","-7,128,800","-6,581,700","-6,155,100","-4,686,000","-5,223,000","-4,326,600","-2,988,000","-2,903,200","-3,944,300","-2,700,000","-2,400,000","-3,000,000","-2,500,000","-2,300,000","-1,600,000","-1,500,000","-1,700,000","-2,100,000","-1,900,000","-2,000,000","-2,700,000","-2,300,000","-4,400,000","-2,200,000","-3,200,000","-3,300,000","-2,600,000","-2,700,000","-2,200,000","-2,500,000","-2,600,000","-2,300,000","-2,500,000","-2,900,000","-2,000,000","-2,200,000","-1,400,000","-1,500,000","-1,900,000","-800,000","-2,100,000","-1,700,000","-1,300,000","-1,000,000","-1,000,000","-1,200,000","100,000","-200,000","2,400,000","2,100,000","-7,100,000","1,900,000","1,900,000","1,700,000","-5,800,000","1,500,000","1,200,000","1,000,000","-3,600,000","800,000","600,000","200,000","-2,000,000","100,000","100,000"
NetNonOperatingInterestIncomeExpense,,,,,,,,,,,,,,,,,,,,,,,,,,,,,,,"0","0","0","0","-85,000","-13,000","-519,000","-310,000","-351,000","-381,000","-411,000","-433,000","-438,000","-438,000","-434,000","-485,000","-335,000","-332,000","-334,000","-337,000",,,,,,,,,,,,,,,,,,,,,,,,,,,,,,,,,,,,,,,,,,,,,,,,,,,,,,,,,,,,,,,,,,,,,,,,,,,,,,,,,,,,,,,,,,,,,,,,,
	InterestExpenseNonOperating,,,,,,,,,,,,,,,,,,,,,,,,,,,,,,,"0","0","0","0","85,000","13,000","519,000","310,000","351,000","381,000","411,000","433,000","438,000","438,000","434,000","485,000","335,000","332,000","334,000","337,000",,,,,,,,,,,,,,,,,,,,,,,,,,,,,,,,,,,,,,,,,,,,,,,,,,,,,,,,,,,,,,,,,,,,,,,,,,,,,,,,,,,,,,,,,,,,,,,,,
OtherIncomeExpense,"-465,000","743,000","437,000","-1,454,000","-191,000","-382,000","-12,576,000","-544,000","1,738,000","8,000","2,224,000","2,545,000","1,495,000","-2,617,000","4,373,000","7,456,000","7,899,000","-95,273,000","3,203,000","-8,002,000","-638,000","-2,549,000","2,545,000","395,000","414,000","1,031,000","754,000","391,000","391,000","807,000","229,000","2,260,000","275,000","1,586,000","137,000","142,000","161,000","379,000","94,000","105,000","126,000","205,000","89,000","144,000","79,000","134,000","1,930,000","124,000","95,000","3,162,000","165,000","-18,000","18,000","82,487","1,255,417",,,"-14,709,654","156,998","132,778","364,173","442,251","554,384","624,331","654,091","280,521","209,746","149,662","224,902","151,129","109,700","120,400","94,500","54,000","53,700","51,800","12,200","122,100","115,200","121,300","162,600","203,500","273,400","357,700","494,800","682,400","-7,034,200",,"264,100","779,800","235,200","100,000","100,000","200,000","300,000","-44,500,000","300,000","100,000","200,000","-6,000,000","200,000","200,000","300,000","200,000","100,000","400,000","3,100,000","100,000","200,000","200,000","-2,300,000","-400,000","300,000","400,000","200,000","300,000","300,000","400,000","300,000","300,000","300,000","400,000","500,000","400,000","300,000","200,000","200,000","200,000","300,000","200,000",,,,,,,,,,,,,,,,,
	GainOnSaleOfSecurity,"611,000","207,000","192,000","145,000","67,000","101,000","1,942,000","118,000","106,000","242,000","2,542,000","431,000","478,000","702,000","2,720,000","521,000","466,000","780,000","2,603,000","398,000","362,000","851,000","2,545,000","395,000","414,000","1,031,000","754,000","391,000","391,000","807,000","229,000","2,260,000","275,000","1,586,000","137,000","142,000","161,000","379,000","94,000",,,,,,,,,,,,,,,,,,,,,,,,,,,,,,,,,,,,,,,,,,,,,,,,,,,,,,,,,,,,,,,,,,,,,,,,,,,,,,,,,,,,,,,,,,,,,,,,,,,,,,,,,,,,
	SpecialIncomeCharges,"-1,076,000","536,000","245,000","-1,599,000","-258,000","-483,000","-14,518,000","-662,000","1,632,000","-234,000","-318,000","2,114,000","1,017,000","-3,319,000","1,653,000","6,935,000","7,433,000","-96,053,000","600,000","-8,400,000","-1,000,000","-3,400,000",,,,,"754,000",,"391,000","807,000","230,000",,,,,,"161,000","379,000","94,000","105,000","126,000","205,000","89,000","144,000","79,000","134,000","1,930,000","124,000","95,000","3,162,000","165,000","-18,000","18,000","82,487","1,255,417",,,"-14,709,654","156,998","132,778","364,173","442,251","554,384","624,331","654,091","280,521","209,746","149,662","224,902","151,129","109,700","120,400","94,500","54,000","53,700","51,800","12,200","122,100","115,200","121,300","162,600","203,500","273,400","357,700","494,800","682,400","-7,034,200",,"264,100","779,800","235,200","100,000","100,000","200,000","300,000","-44,500,000","300,000","100,000","200,000","-6,000,000","200,000","200,000","300,000","200,000","100,000","400,000","3,100,000","100,000","200,000","200,000","-2,300,000","-400,000","300,000","400,000","200,000","300,000","300,000","400,000","300,000","300,000","300,000","400,000","500,000","400,000","300,000","200,000","200,000","200,000","300,000","200,000",,,,,,,,,,,,,,,,,
		RestructuringAndMergernAcquisition,"-2,424,000","-536,000","-245,000","-1,901,000","258,000","483,000","18,000","662,000","-5,132,000","234,000","318,000","-2,114,000","-1,017,000","1,519,000","-1,653,000","-6,935,000","-7,433,000","-13,600,000","-600,000","-4,600,000","1,000,000","3,400,000",,,,,,,,,,,,,,,,,,,,,,,,,,,,,,,,,,,,,,,,,,,,,,,,,,,,,,,,,,,,,,,,,,,,,,,,,,,,,,,,,,,,,,,,,,,,,,,,,,,,,,,,,,,,,,,,,,,,,,,,,,,,,
		ImpairmentOfCapitalAssets,,,"0","3,500,000","0",,"14,500,000","0","3,500,000",,"0","0","0","0","0","0","0","109,653,000","0","13,000,000",,,,,,,,,,,,,,,,,,,,,,,,,,,,,,,,,,,,,,,,,,,,,,,,,,,,,,,,,,,,,,,,,,,,,,,,,,,,,,,,,,,,,,,,,,,,,,,,,,,,,,,,,,,,,,,,,,,,,,,,,,,,,,,
		WriteOff,,,,,,,"0","0","0","0","0","0","0","1,800,000",,,"0",,,,,,,,,,,,,,,,,,,,,,,,,,,,,,,,,,,,,,,,,,,,,,,,,,,,,,,,,,,,,,,,,,,,,,,,,,,,,,,,,,,,,,,,,,,,,,,,,,,,,,,,,,,,,,,,,,,,,,,,,,,,,,,,,,
		OtherSpecialCharges,,,,,,,,,,,,,,,,,,,,,,,,,,,,,,,,,,,,,,,,"-105,000",,,,,,,,,,,,,,,,,,,,,,,,,,,,,,,,,,,,,,,,,,,,,,,,,,,,,,,,,,,,,,,,,,,,,,,,,,,,,,,,,,,,,,,,,,,,,,,,,,,,,,,,,,,
PretaxIncome,"-77,250,000","-23,050,000","-20,148,000","-20,679,000","-13,373,000","-16,538,000","-22,839,000","-14,224,000","-11,259,000","-12,625,000","-10,447,000","-11,413,000","-11,779,000","-17,239,000","-9,403,000","-7,243,000","-16,407,000","-118,897,000","-22,923,000","-31,563,000","-28,566,000","-34,261,000","-32,307,000","-29,598,000","-31,952,000","-34,673,000","-32,684,000","-31,980,000","-32,359,000","-30,174,000","-31,822,000","-28,082,000","-28,274,000","-29,903,000","-22,062,000","-23,140,000","-19,016,000","-17,332,000","-16,807,000","-15,027,000",,,,,,,,,,,,,,,,,,"-22,130,682","-5,253,755","-5,373,481",,"-5,626,279","-6,464,075","-5,520,567","-5,670,299","-2,598,991",,,,,,,,,,,,,,,,,,,,,,,,,,,,,,,,,,,,,,,,,,,,,,,,,,,,,,,,,,,,,,,,,,,,,,,,,,,,,,,,,
TaxProvision,,,"0","-227,000","0",,"-939,000","0","-228,000",,"0","0","0","0","0","0","0","-765,000","-19,082,000","-5,200,000",,,,,,,,,,,,,,,,,,,,,,,,,,,,,,,,,,,,,,,"0","-120,000",,,"-252,000",,,"372,000",,,,,,,,,,,,,,,,,,,,,,,,,,,,,,,,,,,,,,,,,,,,,,,,,,,,,,,,,,,,,,,,,,,,,,,,,,,,,,,,,
NetIncomeCommonStockholders,"-77,023,000","-23,050,000","-20,148,000","-20,452,000","-13,373,000","-16,538,000","-21,900,000","-14,224,000","-11,031,000","-12,625,000","-10,447,000","-11,413,000","-11,779,000","-17,239,000","-9,403,000","-7,243,000","-16,407,000","-118,132,000","-3,841,000","-26,363,000","-28,566,000","-34,261,000","-32,307,000","-29,598,000","-31,952,000","-34,673,000","-32,684,000","-31,980,000","-32,359,000","-30,174,000","-31,822,000","-28,082,000","-28,274,000","-29,903,000","-22,062,000","-23,140,000","-19,016,000","-17,332,000","-16,807,000","-15,027,000","-13,773,000","-13,516,000","-12,732,000","-11,772,000","-10,236,000","-10,059,000","22,661,000","-9,087,000","-9,525,000","-6,582,000","-12,943,000","-7,174,000","-8,705,000","-7,703,877","-7,453,221","-7,656,158","-10,260,510","-22,130,682","-5,253,755","-5,253,481","-5,505,246","-5,626,279","-6,212,075","-5,520,567","-5,670,299","-2,970,991","-3,979,697","-4,514,434","-4,733,940","-4,868,499","-3,698,300","-3,697,200","-3,898,800","-1,909,400","-4,008,300","-2,115,700","-3,183,300","-3,362,200","-3,475,100","-276,200","-5,164,300","-4,913,600","-6,855,400","-6,224,000","-5,660,300","-4,003,600","-13,494,100","-3,633,600","-2,723,900","-2,123,400","-3,609,100","-2,600,000","-2,400,000","-2,700,000","-2,300,000","-46,800,000","-1,300,000","-1,400,000","-1,500,000","-8,000,000","-1,700,000","-1,900,000","-2,400,000","-2,300,000","-4,300,000","-1,900,000","-200,000","-3,100,000","-2,600,000","-2,400,000","-4,400,000","-3,000,000","-2,300,000","-1,900,000","-2,200,000","-2,400,000","-1,500,000","-1,700,000","-1,100,000","-1,200,000","-1,400,000","-400,000","-1,500,000","-1,300,000","-900,000","-800,000","-700,000","-1,000,000","300,000",,,,,,,,,,,,,,,,,,
	NetIncome,"-77,023,000","-23,050,000","-20,148,000","-20,452,000","-13,373,000","-16,538,000","-21,900,000","-14,224,000","-11,031,000","-12,625,000","-10,447,000","-11,413,000","-11,779,000","-17,239,000","-9,403,000","-7,243,000","-16,407,000","-118,132,000","-3,841,000","-26,363,000","-28,566,000","-34,261,000","-32,307,000","-29,598,000","-31,952,000","-34,673,000","-32,684,000","-31,980,000","-32,359,000","-30,174,000","-31,822,000","-28,082,000","-28,274,000","-29,903,000","-22,062,000","-23,140,000","-19,016,000","-17,332,000","-16,807,000","-15,027,000","-13,773,000","-13,516,000","-12,732,000","-11,772,000","-10,236,000","-10,059,000","22,661,000","-9,087,000","-9,525,000","-6,582,000","-12,943,000","-7,174,000","-8,705,000","-7,703,877","-7,453,221","-7,656,158","-10,260,510","-22,130,682","-5,253,755","-5,253,481","-5,505,246","-5,626,279","-6,212,075","-5,520,567","-5,670,299","-2,970,991","-3,979,697","-4,514,434","-4,733,940","-4,868,499","-3,698,300","-3,697,200","-3,898,800","-1,909,400","-4,008,300","-2,115,700","-3,183,300","-3,362,200","-3,475,100","-276,200","-5,164,300","-4,913,600","-6,855,400","-6,224,000","-5,660,300","-4,003,600","-13,494,100","-3,633,600","-2,723,900","-2,123,400","-3,609,100","-2,600,000","-2,400,000","-2,700,000","-2,300,000","-46,800,000","-1,300,000","-1,400,000","-1,500,000","-8,000,000","-1,700,000","-1,900,000","-2,400,000","-2,300,000","-4,300,000","-1,900,000","-200,000","-3,100,000","-2,600,000","-2,400,000","-4,400,000","-3,000,000","-2,300,000","-1,900,000","-2,200,000","-2,400,000","-1,500,000","-1,700,000","-1,100,000","-1,200,000","-1,400,000","-400,000","-1,500,000","-1,300,000","-900,000","-800,000","-700,000","-1,000,000","300,000",,,,,,,,,,,,,,,,,,
		NetIncomeIncludingNoncontrollingInterests,"-77,023,000","-23,050,000","-20,148,000","-20,452,000","-13,373,000","-16,538,000","-21,900,000","-14,224,000","-11,031,000","-12,625,000","-10,447,000","-11,413,000","-11,779,000","-17,239,000","-9,403,000","-7,243,000","-16,407,000","-118,132,000","-3,841,000","-26,363,000","-28,566,000","-34,261,000","-32,307,000","-29,598,000","-31,952,000","-34,673,000","-32,684,000","-31,980,000","-32,359,000","-30,174,000","-31,822,000","-28,082,000","-28,274,000","-29,903,000","-22,062,000","-23,140,000","-19,016,000","-17,332,000","-16,807,000","-15,027,000","-13,773,000","-13,516,000","-12,732,000","-11,772,000","-10,236,000","-10,059,000","22,661,000","-9,087,000","-9,525,000","-6,582,000","-12,943,000","-7,174,000","-8,705,000","-7,703,877","-7,453,221","-7,656,158","-10,260,510","-22,130,682","-5,253,755","-5,253,481","-5,505,246","-5,626,279","-6,212,075","-5,520,567","-5,670,299","-2,970,991","-3,979,697","-4,514,434","-4,733,940","-4,868,499","-3,698,300","-3,697,200","-3,898,800","-1,909,400","-4,008,300","-2,115,700","-3,183,300","-3,362,200","-3,475,100","-276,200","-5,164,300","-4,913,600","-6,855,400","-6,224,000","-5,660,300","-4,003,600","-13,494,100","-3,633,600","-2,723,900","-2,123,400","-3,609,100","-2,600,000","-2,400,000","-2,700,000","-2,300,000","-46,800,000","-1,300,000","-1,400,000","-1,500,000","-8,000,000","-1,700,000","-1,900,000","-2,400,000","-2,300,000","-4,300,000","-1,900,000","-200,000","-3,100,000","-2,600,000","-2,400,000","-4,400,000","-3,000,000","-2,300,000","-1,900,000","-2,200,000","-2,400,000","-1,600,000","-1,900,000","-1,200,000","-1,100,000","-1,400,000","-500,000","-1,600,000","-1,300,000","-900,000","-800,000","-700,000","-1,000,000","300,000",,"-700,000","-600,000","100,000","-500,000","-400,000","-300,000","-300,000","-300,000","-200,000","-400,000","-300,000","-100,000","-100,000","-300,000","-2,900,000","-600,000","-400,000"
			NetIncomeContinuousOperations,"-77,023,000","-23,050,000","-20,148,000","-20,452,000","-13,373,000","-16,538,000","-21,900,000","-14,224,000","-11,031,000","-12,625,000","-10,447,000","-11,413,000","-11,779,000","-17,239,000","-9,403,000","-7,243,000","-16,407,000","-118,132,000","-3,841,000","-26,363,000","-28,566,000","-34,261,000","-32,307,000","-29,598,000","-31,952,000","-34,673,000","-32,684,000","-31,980,000","-32,359,000","-30,174,000","-31,822,000","-28,082,000","-28,274,000","-29,903,000","-22,062,000","-23,140,000","-19,016,000","-17,332,000","-16,807,000","-15,027,000","-13,773,000","-13,516,000","-12,732,000","-11,772,000","-10,236,000","-10,059,000","22,661,000","-9,087,000","-9,525,000","-6,582,000","-12,943,000","-7,174,000","-8,705,000","-7,703,877","-7,453,221","-7,656,158","-10,260,510","-22,130,682","-5,253,755","-5,253,481","-5,505,246","-5,626,279","-6,212,075","-5,520,567","-5,670,299","-2,970,991","-3,979,697","-4,514,434","-4,733,940","-4,868,499","-3,698,300","-3,697,200","-3,898,800","-1,909,400","-2,833,000","-2,115,700","-3,183,300","-3,362,200","-3,475,100","-276,200","-5,164,300","-4,913,600","-6,855,400","-6,224,000","-5,660,300","-4,003,600","-13,494,100","-3,633,600","-2,723,900","-2,123,400","-3,609,100","-2,600,000","-2,400,000","-2,700,000","-2,300,000","-46,800,000","-1,300,000","-1,400,000","-1,500,000","-8,000,000","-1,700,000","-1,900,000","-2,400,000","-2,300,000","-4,300,000","-1,900,000","-200,000","-3,100,000","-2,600,000","-2,400,000","-4,400,000","-3,000,000","-2,300,000","-1,900,000","-2,200,000","-2,400,000","-1,500,000","-1,700,000","-1,100,000","-1,200,000","-1,400,000","-400,000","-1,500,000","-1,300,000","-900,000","-800,000","-700,000","-1,000,000","300,000",,"-700,000","-600,000","100,000","-500,000","-400,000","-300,000","-300,000","-300,000","-200,000","-400,000","-300,000","-100,000","-100,000","-300,000","-2,900,000","-600,000","-400,000"
		MinorityInterests,,,,,,,,,,,,,,,,,,,,,,,,,,,,,,,,,,,,,,,,,,,,,,,,,,,,,,,,,,,,,,,,,,,,,,,,,,,,,,,,,,,,,,,,,,,,,,,,,,,,,,,,,,,,,,,,,,,"0",,"100,000","200,000","100,000","-100,000","0","100,000","100,000",,,,,,,,,,,,,,,,,,,,,,,,
DilutedNIAvailtoComStockholders,"-77,023,000","-23,050,000","-20,148,000","-20,452,000","-13,373,000","-16,538,000","-21,900,000","-14,224,000","-11,031,000","-12,625,000","-10,447,000","-11,413,000","-11,779,000","-17,239,000","-9,403,000","-7,243,000","-16,407,000","-118,132,000","-3,841,000","-26,363,000","-28,566,000","-34,261,000","-32,307,000","-29,598,000","-31,952,000","-34,673,000","-32,684,000","-31,980,000","-32,359,000","-30,174,000","-31,822,000","-28,082,000","-28,274,000","-29,903,000","-22,062,000","-23,140,000","-19,016,000","-17,332,000","-16,807,000","-15,027,000","-13,773,000","-13,516,000","-12,732,000","-11,772,000","-10,236,000","-10,059,000","22,661,000","-9,087,000","-9,525,000","-6,582,000","-12,943,000","-7,174,000","-8,705,000","-7,703,877","-7,453,221","-7,656,158","-10,260,510","-22,130,682","-5,253,755","-5,253,481","-5,505,246","-5,626,279","-6,212,075","-5,520,567","-5,670,299","-2,970,991","-3,979,697","-4,514,434","-4,733,940","-4,868,499","-3,698,300","-3,697,200","-3,898,800","-1,909,400","-4,008,300","-2,115,700","-3,183,300","-3,362,200","-3,475,100","-276,200","-5,164,300","-4,913,600","-6,855,400","-6,224,000","-5,660,300","-4,003,600","-13,494,100","-3,633,600","-2,723,900","-2,123,400","-3,609,100","-2,600,000","-2,400,000","-2,700,000","-2,300,000","-46,800,000","-1,300,000","-1,400,000","-1,500,000","-8,000,000","-1,700,000","-1,900,000","-2,400,000","-2,300,000","-4,300,000","-1,900,000","-200,000","-3,100,000","-2,600,000","-2,400,000","-4,400,000","-3,000,000","-2,300,000","-1,900,000","-2,200,000","-2,400,000","-1,500,000","-1,700,000","-1,100,000","-1,200,000","-1,400,000","-400,000","-1,500,000","-1,300,000","-900,000","-800,000","-700,000","-1,000,000","300,000",,,,,,,,,,,,,,,,,,
BasicEPS,,"-0.49","-0.43","-0.45","-0.34","-0.42","-0.55","-0.36","-0.5","-0.73","-0.64","-0.75","-0.84","-1.4","-0.81","-0.6","-1.65","-12.6",,"-3","-3.45","-4.2","-4.5","-4.35","-4.8","-5.25","-4.95","-4.8","-4.95","-4.95","-5.4","-4.65","-4.8","-4.95",,"-4.35","-3.6","-3.45","-4.05","-3.75","-3.45","-4.05",,"-4.05","-4.05","-4.65",,"-4.2","-4.5","-3.15",,"-6.75","-8.25","-7.35",,"-7.35","-10.05","-32.85",,"-12.6","-12.6","-12.6",,"-12.6","-14.4","-7.2",,"-10.8","-10.8","-12.6",,"-9","-9","-5.4",,"-5.4","-9","-10.8",,"-1.8","-16.2","-14.4",,"-19.8","-18","-12.6",,"-12.6","-9","-7.2",,"-129.6","-129.6","-129.6",,"-2,915.986","-108","-108",,"-691.197","-151.2","-172.8",,"-216","-475.197","-194.4",,"-388.797","-323.998","-302.398",,"-367.197","-280.798","-237.6",,"-367.197","-237.6","-280.798","-172.8","-194.4",,"-64.8","-237.6","-216",,"-172.8","-151.2","-216",,"0","-172.8","-172.8",,"-129.6","-86.4","-86.4",,"-64.8","-64.8","-108",,"-21.6","-43.2","-108",,"-367.197","-259.2"
DilutedEPS,,"-0.49","-0.43","-0.45","-0.34","-0.42","-0.55","-0.36","-0.5","-0.73","-0.64","-0.75","-0.84","-1.4","-0.81","-0.6","-1.65","-12.6",,"-3","-3.45","-4.2","-4.5","-4.35","-4.8","-5.25","-4.95","-4.8","-4.95","-4.95","-5.4","-4.65","-4.8","-5.025",,"-4.35","-3.6","-3.45","-4.05","-3.75","-3.45","-4.05",,"-4.05","-4.05","-4.65",,"-4.2","-4.5","-3.15",,"-6.75","-8.25","-7.35",,"-7.35","-10.05","-32.85",,"-12.6","-12.6","-12.6",,"-12.6","-14.4","-7.2",,"-10.8","-10.8","-12.6",,"-9","-9","-5.4",,"-5.4","-9","-10.8",,"-1.8","-16.2","-14.4",,"-19.8","-18","-12.6",,"-12.6","-9","-7.2",,"-129.6","-129.6","-129.6",,"-2,915.986","-108","-108",,"-691.197","-151.2","-172.8",,"-216","-475.197","-194.4",,"-388.797","-323.998","-302.398",,"-367.197","-280.798","-237.6",,"-367.197","-237.6","-280.798","-172.8","-194.4",,"-64.8","-237.6","-216",,"-172.8","-151.2","-216",,"0","-172.8","-172.8",,"-129.6","-86.4","-86.4",,"-64.8","-64.8","-108",,"-21.6","-43.2","-108",,"-367.197","-259.2"
BasicAverageShares,,"46,739,000","46,691,000","45,453,000","39,616,000","39,614,000","39,577,000","39,278,000","22,082,000","17,406,000","16,442,000","15,282,000","13,952,000","12,297,000","11,626,000","10,911,987","9,828,582","9,369,913",,"8,642,709","8,346,841","8,176,574","7,191,769","6,711,500","6,587,832","6,579,299","6,575,566","6,571,232","6,565,499","6,162,497","5,970,629","5,960,296","5,957,429","5,951,363",,"5,401,027","5,393,293","4,935,158","4,169,620","3,964,486","3,915,552","3,343,016",,"2,942,414","2,497,545","2,136,477",,"2,128,143","2,121,010","2,113,010",,"1,058,605","1,055,605","1,054,601",,"1,047,221","1,015,170","675,165",,"417,711","417,689","417,689",,"412,124","412,082","412,070",,"411,921","411,849","411,844",,"411,768","411,620","384,275",,"359,461","335,937","335,937",,"335,916","335,880","335,874",,"318,776","318,641","318,068",,"300,798","278,328","276,661",,"266,729","252,967","269,606",,"236,151","158,145","158,506",,"138,711","138,600","138,600",,"121,789","110,817","110,606",,"95,023","94,750","94,662",,"94,745","94,600","94,584",,"78,584","74,884","74,850","74,322","74,228",,"73,817","73,406","73,267",,"56,856","56,856","56,128",,"46,217","45,689","45,689",,"45,689","45,689","45,689",,"45,689","45,689","45,689",,"45,689","45,689","45,689",,"45,689","45,689"
DilutedAverageShares,,"46,739,000","46,691,000","45,453,000","39,616,000","39,614,000","39,577,000","39,278,000","22,082,000","17,406,000","16,442,000","15,282,000","13,952,000","12,297,000","11,626,000","10,911,987","9,828,582","9,369,913",,"8,642,709","8,346,841","8,176,574","7,191,769","6,711,500","6,587,832","6,579,299","6,575,566","6,571,232","6,565,499","6,162,497","5,970,629","5,960,296","5,957,429","5,951,363",,"5,401,027","5,393,293","4,935,158","4,169,620","3,964,486","3,915,552","3,343,016",,"2,942,414","2,497,545","2,136,477",,"2,128,143","2,121,010","2,113,010",,"1,058,605","1,055,605","1,054,601",,"1,047,221","1,015,170","675,165",,"417,711","417,689","417,689",,"412,124","412,082","412,070",,"411,921","411,849","411,844",,"411,768","411,620","384,275",,"359,461","335,937","335,937",,"335,916","335,880","335,874",,"318,776","318,641","318,068",,"300,798","278,328","276,661",,"266,729","252,967","269,606",,"236,151","158,145","158,506",,"138,711","138,600","138,600",,"121,789","110,817","110,606",,"95,023","94,750","94,662",,"94,745","94,600","94,584",,"78,584","74,884","74,850","74,322","74,228",,"73,817","73,406","73,267",,"56,856","56,856","56,128",,"46,217","45,689","45,689",,"45,689","45,689","45,689",,"45,689","45,689","45,689",,"45,689","45,689","45,689",,"45,689","45,689"
TotalOperatingIncomeAsReported,"-77,861,000","-23,257,000","-20,340,000","-20,824,000","-13,440,000","-16,639,000","-24,781,000","-14,342,000","-11,365,000","-12,867,000","-12,989,000","-11,844,000","-12,257,000","-17,941,000","-12,123,000","-7,764,000","-16,873,000","-119,677,000","-25,526,000","-31,961,000","-28,928,000","-35,112,000","-34,852,000","-29,993,000","-32,366,000","-35,704,000","-33,438,000","-32,371,000","-32,750,000","-30,981,000","-32,051,000","-30,342,000","-28,549,000","-31,489,000","-22,114,000","-23,269,000","-18,658,000","-17,401,000","-16,550,000","-14,751,000","-13,488,000","-13,288,000","-12,383,000","-11,478,000","-9,881,000","-9,658,000","21,116,000","-8,879,000","-9,286,000","-9,407,000","-13,185,000","-7,156,000","-8,723,000","-7,786,364","-7,641,373","-8,577,978","-10,359,701","-22,176,936","-5,410,753","-5,506,259","-5,869,419","-6,068,530","-7,018,459","-6,144,898","-6,324,390","-2,879,512","-4,277,589","-4,664,096","-4,903,704","-5,019,628","-3,808,000","-3,817,600","-3,993,300","-1,963,400","-2,886,700","-2,167,500","-3,195,500","-3,484,300","-3,590,300","-397,500","-5,326,900","-5,117,100","-7,128,800","-6,581,700","-6,155,100","-4,686,000","-5,223,000","-4,326,600","-2,988,000","-2,903,200","-3,944,300","-2,700,000","-2,400,000","-3,000,000","-2,500,000","-2,300,000","-1,600,000","-1,500,000","-1,700,000","-2,100,000","-1,900,000","-2,000,000","-2,700,000","-2,300,000","-4,400,000","-2,200,000","-3,200,000","-3,300,000","-2,600,000","-2,700,000","-2,200,000","-2,500,000","-2,600,000","-2,300,000","-2,500,000","-2,900,000","-2,000,000","-2,200,000","-1,400,000","-1,500,000","-1,900,000","-800,000","-2,100,000","-1,700,000","-1,300,000","-1,000,000","-1,000,000","-1,200,000","100,000","-200,000",,,,,,,,,,,,,,,,,
TotalExpenses,"80,925,000","23,967,000","20,919,000","19,378,000","16,662,000","16,841,000","14,048,000","14,348,000","13,233,000","15,361,000","13,558,000","14,504,000","13,989,000","16,047,000","15,540,000","15,640,000","27,069,000","27,692,000","29,582,000","27,485,000","31,757,000","33,246,000","36,725,000","32,213,000","33,755,000","37,007,000","35,229,000","33,397,000","34,928,000","31,467,000","33,528,000","31,443,000","29,141,000","31,905,000","22,734,000","24,249,000","18,755,000","19,815,000","20,197,000","17,864,000","15,497,000","15,721,000","14,817,000","13,841,000","11,833,000","12,224,000","16,655,000","11,287,000","12,237,000","13,120,000","17,918,000","11,186,000","11,408,000","11,518,011","10,629,735","10,936,114","12,321,312","7,568,426","7,130,555","6,697,794","6,878,815","7,250,727","7,398,591","6,483,897","6,829,869","6,585,999","4,911,895","5,510,418","5,540,865","5,990,180","6,215,300","4,345,200","4,886,300","4,994,100","3,744,400","4,182,600","4,273,900","4,166,000","4,401,100","4,957,900","5,969,700","5,808,000","8,064,500","7,307,200","6,980,900","5,545,000","5,524,600","4,480,500","3,141,900","3,057,000","3,927,800","3,000,000","3,300,000","3,300,000","3,600,000","2,700,000","1,900,000","1,900,000","2,100,000","2,200,000","2,600,000","2,100,000","3,000,000","2,400,000","4,600,000","2,800,000","4,100,000","4,100,000","3,800,000","3,900,000","3,200,000","4,000,000","4,800,000","4,600,000","4,700,000","5,000,000","4,600,000","4,400,000","4,300,000","3,900,000","4,300,000","3,900,000","3,800,000","3,400,000","3,800,000","3,600,000","3,600,000","3,700,000","3,300,000","3,700,000",,,,,,,,,,,,,,,,,
NetIncomeFromContinuingAndDiscontinuedOperation,"-77,023,000","-23,050,000","-20,148,000","-20,452,000","-13,373,000","-16,538,000","-21,900,000","-14,224,000","-11,031,000","-12,625,000","-10,447,000","-11,413,000","-11,779,000","-17,239,000","-9,403,000","-7,243,000","-16,407,000","-118,132,000","-3,841,000","-26,363,000","-28,566,000","-34,261,000","-32,307,000","-29,598,000","-31,952,000","-34,673,000","-32,684,000","-31,980,000","-32,359,000","-30,174,000","-31,822,000","-28,082,000","-28,274,000","-29,903,000","-22,062,000","-23,140,000","-19,016,000","-17,332,000","-16,807,000","-15,027,000","-13,773,000","-13,516,000","-12,732,000","-11,772,000","-10,236,000","-10,059,000","22,661,000","-9,087,000","-9,525,000","-6,582,000","-12,943,000","-7,174,000","-8,705,000","-7,703,877","-7,453,221","-7,656,158","-10,260,510","-22,130,682","-5,253,755","-5,253,481","-5,505,246","-5,626,279","-6,212,075","-5,520,567","-5,670,299","-2,970,991","-3,979,697","-4,514,434","-4,733,940","-4,868,499","-3,698,300","-3,697,200","-3,898,800","-1,909,400","-2,833,000","-2,115,700","-3,183,300","-3,362,200","-3,475,100","-276,200","-5,164,300","-4,913,600","-6,855,400","-6,224,000","-5,660,300","-4,003,600","-13,494,100","-3,633,600","-2,723,900","-2,123,400","-3,609,100","-2,600,000","-2,400,000","-2,700,000","-2,300,000","-46,800,000","-1,300,000","-1,400,000","-1,500,000","-8,000,000","-1,700,000","-1,900,000","-2,400,000","-2,300,000","-4,300,000","-1,900,000","-200,000","-3,100,000","-2,600,000","-2,400,000","-4,400,000","-3,000,000","-2,300,000","-1,900,000","-2,200,000","-2,400,000","-1,500,000","-1,700,000","-1,100,000","-1,200,000","-1,400,000","-400,000","-1,500,000","-1,300,000","-900,000","-800,000","-700,000","-1,000,000","300,000",,,,,,,,,,,,,,,,,,
NormalizedIncome,"-76,558,000","-23,793,000","-20,585,000","-19,013,961.023","-13,182,000","-16,156,000","-9,841,048.207","-13,680,000","-12,733,804.69","-12,633,000","-12,671,000","-13,958,000","-13,274,000","-14,622,000","-13,776,000","-14,699,000","-24,306,000","-23,471,999.865","-5,762,800","-19,679,328.423","-27,928,000","-31,712,000","-34,852,000","-29,993,000","-32,366,000","-35,704,000","-33,438,000","-32,371,000","-32,750,000","-30,981,000","-32,051,000","-30,342,000","-28,549,000","-31,489,000","-22,199,000","-23,282,000","-19,177,000","-17,711,000","-16,901,000","-15,132,000","-13,854,900","-13,649,250","-12,789,850","-11,865,600","-10,287,350","-10,146,100","21,406,500","-9,167,600","-9,586,750","-8,637,300","-13,050,250","-7,162,300","-8,716,700","-7,757,493.55","-8,269,242.05","-7,656,158","-10,260,510","-7,421,028","-5,410,753","-5,383,293.816","-5,741,958.45","-6,068,530","-6,744,846.508","-6,144,898","-6,324,390","-3,139,303.6","-4,105,544.6","-4,604,231.2","-4,868,881.2","-4,959,176.4","-3,764,120","-3,769,440","-3,955,500","-1,941,800","-2,865,220","-2,146,780","-3,190,620","-3,435,460","-3,544,220","-348,980","-5,261,860","-5,035,700","-7,019,440","-6,438,620","-5,957,180","-4,413,040","-9,273,580","-3,633,600","-2,882,360","-2,591,280","-3,750,220","-2,660,000","-2,460,000","-2,820,000","-2,480,000","-20,100,000","-1,480,000","-1,460,000","-1,620,000","-4,400,000","-1,820,000","-2,020,000","-2,580,000","-2,420,000","-4,360,000","-2,140,000","-2,060,000","-3,160,000","-2,720,000","-2,520,000","-3,020,000","-2,760,000","-2,480,000","-2,140,000","-2,320,000","-2,580,000","-1,680,000","-1,940,000","-1,280,000","-1,380,000","-1,580,000","-640,000","-1,800,000","-1,540,000","-1,080,000","-920,000","-820,000","-1,120,000","120,000",,,,,,,,,,,,,,,,,,
InterestIncome,,,,,,,,,,,,,,,,,,,,,,,,,,,,,,,,,,,,,,,"94,000",,,,,,,,,,,,,,,,,"921,820","99,191",,,,,,,,,,,,,,,,,,,,,,,,,,,,,,,"693,000",,,,,,,,,,,,,,,,,,,,,,,,,,,,,,,,,,,,,,,,,,,,,,,,,,,,,,,,,,,
InterestExpense,,,,,,,,,,,,,,,,,,,,,,,,,,,,,,,"0","0","0","0","85,000","13,000","519,000","310,000","351,000","381,000","411,000","433,000","438,000","438,000","434,000","485,000","335,000","332,000","334,000","337,000",,,,,,,,,,,,,,,,,,,,,,,,,,,,,,,,,,,,,,,,,,,,,,,,,,,,,,,,,,,,,,,,,,,,,,,,,,,,,,,,,,,,,,,,,,,,,,,,,
NetInterestIncome,,,,,,,,,,,,,,,,,,,,,,,,,,,,,,,"0","0","0","0","-85,000","-13,000","-519,000","-310,000","-351,000","-381,000","-411,000","-433,000","-438,000","-438,000","-434,000","-485,000","-335,000","-332,000","-334,000","-337,000",,,,,,"921,820","99,191",,,,,,,,,,,,,,,,,,,,,,,,,,,,,,,"693,000",,,,,,,,,,,,,,,,,,,,,,,,,,,,,,,,,,,,,,,,,,,,,,,,,,,,,,,,,,,
EBIT,"-76,785,000","-23,793,000","-20,585,000","-19,225,000","-13,182,000","-16,156,000","-10,263,000","-13,680,000","-12,997,000","-12,633,000","-12,671,000","-13,958,000","-13,274,000","-14,622,000","-13,776,000","-14,699,000","-24,306,000","-23,624,000","-26,126,000","-23,561,000","-27,928,000","-31,712,000","-34,852,000","-29,993,000","-32,366,000","-35,704,000","-31,094,000","-32,371,000","-32,750,000","-30,981,000","-31,822,000","-28,082,000","-28,274,000","-29,903,000","-21,977,000","-23,127,000","-18,497,000","-17,022,000","-16,456,000","-14,646,000","-13,488,000","-13,288,000","-11,937,000","-11,478,000","-9,881,000","-9,708,000","26,375,000","-8,879,000","-9,286,000","-9,407,000","-12,937,000","-7,156,000","-8,723,000","-7,786,364","-7,641,373","-8,577,978","-10,359,701","-7,421,028","-5,410,753","-5,506,259","-5,869,419","-6,068,530","-7,018,459","-6,144,898","-6,324,390","-2,879,512","-4,277,589","-4,664,096","-4,903,704","-5,019,628","-3,808,000","-3,817,600","-3,993,300","-1,963,400","-2,886,700","-2,167,500","-3,195,500","-3,484,300","-3,590,300","-397,500","-5,326,900","-5,117,100","-7,128,800","-6,581,700","-6,155,100","-4,686,000","-5,223,000","-4,326,600","-2,988,000","-2,903,200","-3,944,300","-2,700,000","-2,400,000","-3,000,000","-2,500,000","-2,300,000","-1,600,000","-1,500,000","-1,700,000","-2,100,000","-1,900,000","-2,000,000","-2,700,000","-2,300,000","-4,400,000","-2,200,000","-3,200,000","-3,300,000","-2,600,000","-2,700,000","-2,200,000","-2,500,000","-2,600,000","-2,300,000","-2,500,000","-2,900,000","-2,000,000","-2,200,000","-1,400,000","-1,500,000","-1,900,000","-800,000","-2,100,000","-1,700,000","-1,300,000","-1,000,000","-1,000,000","-1,200,000","100,000","-200,000","2,400,000","2,100,000","-7,100,000","1,900,000","1,900,000","1,700,000","-5,800,000","1,500,000","1,200,000","1,000,000","-3,600,000","800,000","600,000","200,000","-2,000,000","100,000","100,000"
EBITDA,"-73,681,000"
ReconciledCostOfRevenue,,,,,,,,,,,,,,,,,,,,,,,,,,,"0","0","0","0","0","0","0","0","0","0","0","1,866,000","10,304,000","0","1,343,000","1,800,000","1,806,000","1,752,000","1,373,000","1,940,000","6,270,000","639,000","1,032,000","1,419,000","7,769,000","0","0","0",,,,,,,,"4,620,227",,,,"4,124,405",,,,,,,,,,,,,"0","10,300","17,000","13,700","10,100","8,400","8,200","-534,300","-181,400","-161,200","-161,400","-185,300","-112,800","-300,000","-100,000","-200,000","0","-200,000","-100,000","-100,000","0","-100,000","-100,000","-100,000",,"-200,000","-100,000","200,000","200,000","400,000","400,000","300,000","300,000","300,000","400,000","300,000","500,000","600,000","400,000","300,000","100,000","400,000","200,000","300,000","300,000","300,000","400,000","300,000","200,000","300,000","200,000","300,000",,,,,,,,,,,,,,,,,
ReconciledDepreciation,"3,104,000","811,000","777,000","752,000","764,000","775,000","755,000","861,000","1,148,000","1,165,000","1,145,000","1,208,000","1,153,000","1,352,000","721,000","835,000","993,000","1,252,000","1,246,000","1,249,000","1,225,000","1,590,000","1,197,000","954,000","946,000","995,000","1,100,000","1,020,000","966,000","925,000","877,000","856,000","836,000","832,000","763,000","732,000","729,000","721,000","725,000","756,000","821,000","835,000","843,000","1,222,000","1,051,000","1,045,000","1,013,000","1,062,000","1,358,000","2,428,000","1,291,000","714,000","746,095","780,905","509,878","813,447","812,088","402,020","750,137","701,419","657,286","578,523","590,039","542,256","490,242","473,080","624,039","576,369","465,900","463,351","464,000","416,100","414,400","421,700","187,200","449,800","454,900","435,100","394,800","396,900","401,100","429,300","603,000","542,200","567,700","544,400","391,000","298,500","298,700","322,600","288,600","600,000","500,000","600,000","600,000","200,000","100,000","100,000","100,000","100,000","100,000","100,000","100,000","200,000","100,000","100,000","300,000","100,000","100,000","200,000","200,000","200,000","200,000","200,000","400,000","200,000","100,000","200,000","300,000","100,000","200,000","100,000","200,000","100,000","200,000","100,000","200,000","100,000","100,000","100,000",,,,,,,,,,,,,,,,,
NetIncomeFromContinuingOperationNetMinorityInterest,"-77,023,000","-23,050,000","-20,148,000","-20,452,000","-13,373,000","-16,538,000","-21,900,000","-14,224,000","-11,031,000","-12,625,000","-10,447,000","-11,413,000","-11,779,000","-17,239,000","-9,403,000","-7,243,000","-16,407,000","-118,132,000","-3,841,000","-26,363,000","-28,566,000","-34,261,000","-32,307,000","-29,598,000","-31,952,000","-34,673,000","-32,684,000","-31,980,000","-32,359,000","-30,174,000","-31,822,000","-28,082,000","-28,274,000","-29,903,000","-22,062,000","-23,140,000","-19,016,000","-17,332,000","-16,807,000","-15,027,000","-13,773,000","-13,516,000","-12,732,000","-11,772,000","-10,236,000","-10,059,000","22,661,000","-9,087,000","-9,525,000","-6,582,000","-12,943,000","-7,174,000","-8,705,000","-7,703,877","-7,453,221","-7,656,158","-10,260,510","-22,130,682","-5,253,755","-5,253,481","-5,505,246","-5,626,279","-6,212,075","-5,520,567","-5,670,299","-2,970,991","-3,979,697","-4,514,434","-4,733,940","-4,868,499","-3,698,300","-3,697,200","-3,898,800","-1,909,400","-2,833,000","-2,115,700","-3,183,300","-3,362,200","-3,475,100","-276,200","-5,164,300","-4,913,600","-6,855,400","-6,224,000","-5,660,300","-4,003,600","-13,494,100","-3,633,600","-2,723,900","-2,123,400","-3,609,100","-2,600,000","-2,400,000","-2,700,000","-2,300,000","-46,800,000","-1,300,000","-1,400,000","-1,500,000","-8,000,000","-1,700,000","-1,900,000","-2,400,000","-2,300,000","-4,300,000","-1,900,000","-200,000","-3,100,000","-2,600,000","-2,400,000","-4,400,000","-3,000,000","-2,300,000","-1,900,000","-2,200,000","-2,400,000","-1,500,000","-1,700,000","-1,100,000","-1,200,000","-1,400,000","-400,000","-1,500,000","-1,300,000","-900,000","-800,000","-700,000","-1,000,000","300,000",,,,,,,,,,,,,,,,,,
TotalUnusualItemsExcludingGoodwill,"-465,000","743,000","437,000","-1,454,000","-191,000","-382,000","-12,576,000","-544,000","1,738,000","8,000","2,224,000","2,545,000","1,495,000","-2,617,000","4,373,000","7,456,000","7,899,000","-95,273,000","3,203,000","-8,002,000","-638,000","-2,549,000","2,545,000","395,000","414,000","1,031,000","754,000","391,000","391,000","807,000","229,000","2,260,000","275,000","1,586,000","137,000","142,000","161,000","379,000","94,000","105,000","126,000","205,000","89,000","144,000","79,000","134,000","1,930,000","124,000","95,000","3,162,000","165,000","-18,000","18,000","82,487","1,255,417",,,"-14,709,654","156,998","132,778","364,173","442,251","554,384","624,331","654,091","280,521","209,746","149,662","224,902","151,129","109,700","120,400","94,500","54,000","53,700","51,800","12,200","122,100","115,200","121,300","162,600","203,500","273,400","357,700","494,800","682,400","-7,034,200",,"264,100","779,800","235,200","100,000","100,000","200,000","300,000","-44,500,000","300,000","100,000","200,000","-6,000,000","200,000","200,000","300,000","200,000","100,000","400,000","3,100,000","100,000","200,000","200,000","-2,300,000","-400,000","300,000","400,000","200,000","300,000","300,000","400,000","300,000","300,000","300,000","400,000","500,000","400,000","300,000","200,000","200,000","200,000","300,000",,,,,,,,,,,,,,,,,,
TotalUnusualItems,"-465,000","743,000","437,000","-1,454,000","-191,000","-382,000","-12,576,000","-544,000","1,738,000","8,000","2,224,000","2,545,000","1,495,000","-2,617,000","4,373,000","7,456,000","7,899,000","-95,273,000","3,203,000","-8,002,000","-638,000","-2,549,000","2,545,000","395,000","414,000","1,031,000","754,000","391,000","391,000","807,000","229,000","2,260,000","275,000","1,586,000","137,000","142,000","161,000","379,000","94,000","105,000","126,000","205,000","89,000","144,000","79,000","134,000","1,930,000","124,000","95,000","3,162,000","165,000","-18,000","18,000","82,487","1,255,417",,,"-14,709,654","156,998","132,778","364,173","442,251","554,384","624,331","654,091","280,521","209,746","149,662","224,902","151,129","109,700","120,400","94,500","54,000","53,700","51,800","12,200","122,100","115,200","121,300","162,600","203,500","273,400","357,700","494,800","682,400","-7,034,200",,"264,100","779,800","235,200","100,000","100,000","200,000","300,000","-44,500,000","300,000","100,000","200,000","-6,000,000","200,000","200,000","300,000","200,000","100,000","400,000","3,100,000","100,000","200,000","200,000","-2,300,000","-400,000","300,000","400,000","200,000","300,000","300,000","400,000","300,000","300,000","300,000","400,000","500,000","400,000","300,000","200,000","200,000","200,000","300,000",,,,,,,,,,,,,,,,,,
NormalizedEBITDA,"-73,216,000","-23,725,000","-20,245,000","-17,019,000","-12,227,000","-14,999,000","3,068,000","-12,275,000","-13,587,000","-11,476,000","-13,750,000","-15,295,000","-13,616,000","-10,653,000","-17,428,000","-21,320,000","-31,212,000","72,901,000","-28,083,000","-14,310,000","-26,065,000","-27,573,000","-36,200,000","-29,434,000","-31,834,000","-35,740,000","-30,748,000","-31,742,000","-32,175,000","-30,863,000","-31,174,000","-29,486,000","-27,713,000","-30,657,000","-21,351,000","-22,537,000","-17,929,000","-16,680,000","-15,825,000","-13,995,000","-12,793,000","-12,658,000","-11,183,000","-10,400,000","-8,909,000","-8,797,000","25,458,000","-7,941,000","-8,023,000","-10,141,000","-11,811,000","-6,424,000","-7,994,905","-7,087,946","-8,386,912","-7,764,531","-9,547,613","7,690,646","-4,817,614","-4,937,618","-5,576,306","-5,932,258","-6,982,804","-6,226,973","-6,488,239","-2,686,953","-3,863,296","-4,237,389","-4,662,706","-4,707,406","-3,453,700","-3,521,900","-3,673,400","-1,595,700","-2,691,700","-1,769,500","-2,752,800","-3,171,300","-3,310,700","-121,900","-5,088,400","-4,891,300","-6,799,200","-6,397,200","-6,082,200","-4,480,100","2,202,200","-4,028,100","-2,953,400","-3,360,400","-3,890,900","-2,200,000","-2,000,000","-2,600,000","-2,200,000","42,400,000","-1,800,000","-1,500,000","-1,800,000","4,000,000","-2,000,000","-2,100,000","-2,900,000","-2,300,000","-4,400,000","-2,500,000","-6,000,000","-3,300,000","-2,700,000","-2,700,000","300,000","-1,900,000","-2,700,000","-2,500,000","-2,300,000","-2,700,000","-2,100,000","-2,400,000","-1,400,000","-1,700,000","-2,000,000","-1,100,000","-2,400,000","-2,000,000","-1,400,000","-1,100,000","-1,000,000","-1,300,000","-100,000","-100,000","2,400,000","2,100,000","-7,100,000","1,900,000","1,900,000","1,700,000","-5,800,000","1,500,000","1,200,000","1,000,000","-3,600,000","800,000","600,000","200,000","-2,000,000","100,000","100,000"
TaxRateForCalcs,"0","0","0","0.011","0","0","0.041","0","0.02","0","0","0","0","0","0","0","0","0.006","0.4","0.165","0","0","0","0","0","0","0","0","0","0","0","0","0","0","0","0","0","0","0","0","0.35","0.35","0.35","0.35","0.35","0.35","0.35","0.35","0.35","0.35","0.35","0.35","0.35","0.35","0.35","0.35","0.35","0","0","0.022","0.35","0","0.039","0","0","0.4","0.4","0.4","0.4","0.4","0.4","0.4","0.4","0.4","0.4","0.4","0.4","0.4","0.4","0.4","0.4","0.4","0.4","0.4","0.4","0.4","0.4","0.4","0.4","0.4","0.4","0.4","0.4","0.4","0.4","0.4","0.4","0.4","0.4","0.4","0.4","0.4","0.4","0.4","0.4","0.4","0.4","0.4","0.4","0.4","0.4","0.4","0.4","0.4","0.4","0.4","0.4","0.4","0.4","0.4","0.4","0.4","0.4","0.4","0.4","0.4","0.4","0.4","0.4",,,,,,,,,,,,,,,,,,
TaxEffectOfUnusualItems,"0","0","0","-15,961.023","0","0","-517,048.207","0","35,195.31","0","0","0","0","0","0","0","0","-612,999.865","1,281,200","-1,318,328.423","0","0","0","0","0","0","0","0","0","0","0","0","0","0","0","0","0","0","0","0","44,100","71,750","31,150","50,400","27,650","46,900","675,500","43,400","33,250","1,106,700","57,750","-6,300","6,300","28,870.45","439,395.95","0","0","0","0","2,965.184","127,460.55","0","21,612.492","0","0","112,208.4","83,898.4","59,864.8","89,960.8","60,451.6","43,880","48,160","37,800","21,600","21,480","20,720","4,880","48,840","46,080","48,520","65,040","81,400","109,360","143,080","197,920","272,960","-2,813,680","0","105,640","311,920","94,080","40,000","40,000","80,000","120,000","-17,800,000","120,000","40,000","80,000","-2,400,000","80,000","80,000","120,000","80,000","40,000","160,000","1,240,000","40,000","80,000","80,000","-920,000","-160,000","120,000","160,000","80,000","120,000","120,000","160,000","120,000","120,000","120,000","160,000","200,000","160,000","120,000","80,000","80,000","80,000","120,000",,,,,,,,,,,,,,,,,,