name,ttm,03/31/2022,12/31/2021,09/30/2021,06/30/2021,03/31/2021,12/31/2020,09/30/2020,06/30/2020,03/31/2020,12/31/2019,09/30/2019,06/30/2019,03/31/2019,12/31/2018,09/30/2018,06/30/2018,03/31/2018,12/31/2017,09/30/2017,06/30/2017,03/31/2017,12/31/2016,09/30/2016,06/30/2016,03/31/2016,12/31/2015,09/30/2015,06/30/2015,03/31/2015,12/31/2014,09/30/2014,06/30/2014,03/31/2014,12/31/2013,09/30/2013,06/30/2013,03/31/2013,12/31/2012,09/30/2012,06/30/2012,03/31/2012,12/31/2011,09/30/2011,06/30/2011,03/31/2011,12/31/2010,09/30/2010,06/30/2010,03/31/2010
TotalRevenue,"144,951,000","34,247,000","35,968,000","37,916,000","36,820,000","38,053,000","43,299,000","38,772,000","39,887,000","42,564,000","39,307,000","37,603,000","32,978,000","33,118,000","30,351,000","22,757,000","23,757,000","18,523,000","17,040,000","16,806,000","14,620,000","7,045,000","78,000","0","0","0","0","0","0","0","0","0","0","13,625,000","0","0","0","0","0","0","0","0","0","0","0","0","0","0","0","0"
	OperatingRevenue,"144,951,000","34,247,000","35,968,000","37,916,000","36,820,000","38,053,000","43,299,000","38,772,000","39,887,000","42,564,000","39,307,000","37,603,000","32,978,000","33,118,000","30,351,000","22,757,000","23,757,000","18,523,000","17,040,000","16,806,000","14,620,000","7,045,000","78,000","0","0","0","0","0","0","0","0","0","0","13,625,000","0","0","0","0","0","0","0","0","0","0","0","0","0","0","0","0"
CostOfRevenue,"38,628,000","9,413,000","9,730,000","9,849,000","9,637,000","9,611,000","10,817,000","9,781,000","10,400,000","10,308,000","9,153,000","9,346,000","7,662,000","8,525,000","6,961,000","5,537,000","5,199,000","4,378,000","3,702,000","3,398,000","3,102,000","1,535,000",,,,,,,,,,,,,,,,,,"0","0","0","0","0","0","0","0","0","0","0"
GrossProfit,"106,323,000","24,834,000","26,238,000","28,067,000","27,183,000","28,442,000","32,482,000","28,991,000","29,487,000","32,256,000","30,154,000","28,257,000","25,316,000","24,593,000","23,390,000","17,220,000","18,558,000","14,145,000","13,338,000","13,408,000","11,518,000","5,510,000",,,,,,,,,,,,,,,,,,"0","0","0","0","0","0","0","0","0","0","0"
OperatingExpense,"318,962,000","75,193,000","78,950,000","82,259,000","82,561,000","86,453,000","97,464,000","101,538,000","112,135,000","114,268,000","121,812,000","125,246,000","118,775,000","109,792,000","120,356,000","106,382,000","97,571,000","82,817,000","76,542,000","73,935,000","69,257,000","61,671,000","66,644,000","63,500,000","77,281,000","84,435,000","84,233,000","84,469,000","67,572,000","63,501,000","55,754,000","40,232,000","33,705,000","29,471,000","28,089,000","20,375,000","19,308,000","15,340,000","21,055,000","18,220,000","15,270,000","14,987,000","14,476,000","13,280,000","11,384,000","8,446,000","9,888,000","6,813,000","5,835,000","4,089,000"
	SellingGeneralAndAdministration,"127,672,000","29,213,000","33,345,000","32,196,000","32,918,000","29,941,000","40,758,000","38,636,000","41,902,000","42,598,000","45,168,000","41,811,000","48,029,000","47,761,000","49,147,000","42,495,000","44,864,000","39,274,000","38,523,000","35,011,000","36,149,000","29,224,000","12,190,000","9,162,000","9,552,000","9,827,000","8,238,000","8,331,000","7,204,000","6,751,000","5,605,000","5,267,000","5,265,000","5,320,000","5,545,000","4,312,000","3,492,000","3,218,000","2,771,000","2,762,000","2,680,000","2,425,000","2,036,000","1,714,000","1,705,000","1,405,000","1,237,000","1,083,000","1,152,000","830,000"
		GeneralAndAdministrativeExpense,,,,,,,,,,,,,,,,,,,,,,,,"9,162,000","9,552,000","9,827,000","8,238,000","8,331,000","7,204,000","6,751,000","5,605,000","5,267,000","5,265,000","5,320,000","5,545,000","4,312,000","3,492,000","3,218,000","2,771,000",,,,,,,,,,,
			OtherGandA,,,,,,,,,,,,,,,,,,,,,,,,"9,162,000","9,552,000","9,827,000","8,238,000","8,331,000","7,204,000","6,751,000","5,605,000","5,267,000","5,265,000","5,320,000","5,545,000","4,312,000","3,492,000","3,218,000","2,771,000",,,,,,,,,,,
	ResearchAndDevelopment,"176,047,000","42,250,000","41,816,000","46,222,000","45,759,000","52,805,000","56,707,000","62,902,000","69,878,000","68,221,000","72,472,000","77,896,000","70,746,000","62,031,000","71,209,000","63,887,000","52,707,000","43,543,000","38,019,000","38,924,000","33,108,000","32,447,000","54,454,000","54,338,000","67,729,000","74,608,000","75,995,000","76,138,000","60,368,000","56,750,000","50,149,000","34,965,000","28,440,000","24,151,000","22,544,000","16,063,000","15,816,000","12,122,000","18,284,000","15,458,000","12,590,000","12,562,000","12,440,000","11,566,000","9,679,000","7,041,000","8,651,000","5,730,000","4,683,000","3,259,000"
	OtherOperatingExpenses,"15,243,000","3,730,000","3,789,000","3,841,000","3,884,000","3,707,000","-1,000",,"355,000","3,449,000","4,172,000","5,539,000",,,,,,,,,,,,,,,,,,,,,,,,,,,,,,,,,,,,,,
OperatingIncome,"-212,639,000","-50,359,000","-52,712,000","-54,192,000","-55,378,000","-58,011,000","-64,982,000","-72,547,000","-82,648,000","-82,012,000","-91,658,000","-96,989,000","-93,459,000","-85,199,000","-96,966,000","-89,162,000","-79,013,000","-68,672,000","-63,204,000","-60,527,000","-57,739,000","-56,161,000","-66,636,000","-63,500,000","-77,281,000","-84,435,000","-84,233,000","-84,469,000","-67,572,000","-63,501,000","-55,754,000","-40,232,000","-33,705,000","-15,846,000","-28,089,000","-20,375,000","-19,308,000","-15,340,000","-21,055,000","-18,220,000","-15,270,000","-14,987,000","-14,476,000","-13,280,000","-11,384,000","-8,446,000","-9,888,000","-6,813,000","-5,835,000","-4,089,000"
NetNonOperatingInterestIncomeExpense,"-35,166,000","-9,100,000","-8,510,000","-8,786,000","-8,770,000","-8,037,000","-7,348,000","-6,859,000","-6,739,000","-9,561,000","-6,721,000","-5,278,000","-3,817,000","-3,590,000","-3,591,000","-3,376,000","-3,581,000","-2,635,000","-2,632,000","-2,618,000","-2,598,000","-2,581,000","-2,173,000","-2,108,000","-2,106,000","-2,104,000","-2,101,000","-2,099,000","-2,097,000","-2,075,000",,,,,,,,,,,,,,,,,,,,
	InterestExpenseNonOperating,"32,817,000","8,542,000","7,956,000","8,170,000","8,148,000","7,398,000","6,743,000","6,215,000","5,313,000","5,220,000","5,933,000","4,532,000","3,817,000","3,590,000","3,591,000","3,376,000","3,581,000","2,635,000","3,588,000","2,297,000","2,598,000","2,264,000","3,101,000","1,797,000","2,106,000","2,104,000","2,101,000","2,099,000","2,097,000","2,075,000",,,,,,,,,,,,,,,,,,,,
	TotalOtherFinanceCost,"2,349,000","558,000","554,000","616,000","622,000","639,000","605,000","644,000","1,426,000","4,341,000","788,000","746,000",,,,,,,,"321,000",,"317,000",,"311,000",,,,,,,,,,,,,,,,,,,,,,,,,,
OtherIncomeExpense,"-11,001,000","-830,000","-3,448,000","-4,419,000","-2,303,000","-363,000","-27,053,000","712,000","-2,896,000","-7,827,000","1,362,000","7,842,000","-23,327,000","2,208,000","2,186,000","2,687,000","-18,629,000","-6,647,000","12,974,000","1,247,000","-116,330,000","195,000","-486,000","-314,000","-78,986,000","-1,042,000","-61,775,000","-12,705,000","-1,844,000","2,534,000","3,270,000","882,000","-991,000","-12,743,000","-1,062,000","55,000","-33,000","-328,000","-4,000","-48,000","-422,000","-4,004,000","-405,000","-555,000","-7,115,000","118,000","-9,545,000","251,000","-1,909,000","-2,000"
	GainOnSaleOfSecurity,"-3,609,000","-978,000","-1,176,000","-1,248,000","-206,000","-546,000","30,000","633,000","142,000","-877,000","101,000","-229,000","-226,000","-192,000","-312,000","151,000","-104,000","-81,000","45,000","-44,000","76,000","-159,000","-146,000","-66,000","183,000","-551,000","736,000","-101,000","-1,142,000","3,247,000",,,,,,,,,,,,,,,,,,,,
	SpecialIncomeCharges,,,"-2,324,000","-3,272,000","-2,204,000",,"0","0","-3,277,000",,"0","7,290,000","-25,000,000","0","0","0","-20,000,000","-7,975,000","11,523,000",,"-117,000,000",,"-500,000","-500,000","-79,365,000","-516,000","-62,675,000","-12,783,000","-764,000","-724,000","1,864,000","-888,000","-1,261,000","-12,637,000","-405,000","0","0","-250,000","224,000","-48,000","-422,000","-4,004,000","-405,000","-555,000","-7,115,000","118,000","-9,545,000","251,000","-1,909,000","-2,000"
		RestructuringAndMergernAcquisition,,,,,,,,,,,,,,,,,,,,,,,"0",,"-25,452,000","516,000","-26,882,000","783,000","764,000","724,000","-1,864,000","888,000","861,000","822,000",,,,,,,,,,,,,,,,
		ImpairmentOfCapitalAssets,,,,,,,,,,,,,,,,,,,,,,,"0",,"104,517,000",,"89,557,000","0","0","0","0","0","0","3,409,000",,,,,,,,,,,,,,,,
		OtherSpecialCharges,,,"2,324,000","3,272,000","2,204,000",,"0",,"3,277,000",,"0","-7,290,000","25,000,000",,"0",,"20,000,000","7,975,000","-11,523,000",,"117,000,000",,"500,000","500,000","300,000",,"0","12,000,000",,,"0",,"400,000","8,406,000","0",,,"250,000",,,,,,,,,,,,
	OtherNonOperatingIncomeExpenses,"409,000","148,000","52,000","101,000","107,000","183,000","-27,083,000","79,000","239,000","-6,950,000","1,261,000","781,000","1,899,000","2,400,000","2,498,000","2,536,000","1,475,000","1,409,000","1,406,000","1,291,000","594,000","354,000","160,000","252,000","196,000","25,000","164,000","179,000","62,000","11,000","-2,174,000","1,770,000","270,000","-106,000","-657,000","55,000","-33,000","-78,000","-4,000",,,,,,,,,,,
PretaxIncome,"-258,806,000","-60,289,000","-64,670,000","-67,397,000","-66,451,000","-66,411,000","-99,383,000","-78,694,000","-92,283,000","-99,400,000","-97,017,000","-94,425,000","-120,603,000","-86,581,000","-98,371,000","-89,851,000","-101,223,000","-77,954,000","-52,862,000","-61,898,000","-176,667,000","-58,547,000","-69,295,000","-65,922,000","-158,373,000","-87,581,000","-148,109,000","-99,273,000","-71,513,000","-63,042,000","-55,088,000","-39,350,000","-34,696,000","-28,589,000","-29,151,000","-20,320,000","-19,341,000","-15,668,000","-21,059,000","-18,268,000","-15,692,000","-18,991,000",,"-13,835,000","-18,499,000",,,,,
TaxProvision,"-390,000","-120,000","-279,000","13,000","-3,000","-134,000","-425,000","-18,000","-36,000","-68,000","2,484,000","-350,000","-176,000","-160,000","888,000","13,000","-33,000","-260,000","-979,000","-1,234,000","-1,281,000","-83,000","1,433,000","-227,000","-29,059,000","-4,181,000","-28,568,000","-628,000","18,000","102,000","-181,000","292,000","68,000","2,129,000","52,000","0","0","0","0","0","-35,000","8,000",,"0","0",,,,,
NetIncomeCommonStockholders,"-258,416,000","-60,169,000","-64,391,000","-67,410,000","-66,448,000","-66,277,000","-98,958,000","-78,676,000","-92,247,000","-99,332,000","-99,501,000","-94,075,000","-120,427,000","-86,421,000","-99,259,000","-89,864,000","-101,190,000","-77,694,000","-51,883,000","-60,664,000","-175,386,000","-58,464,000","-70,728,000","-65,695,000","-129,314,000","-83,400,000","-119,541,000","-98,645,000","-71,531,000","-63,144,000","-54,907,000","-39,642,000","-34,764,000","-30,718,000","-29,203,000","-20,320,000","-19,341,000","-15,668,000","-21,059,000","-18,268,000","-15,657,000","-18,999,000","-14,908,000","-13,835,000","-18,499,000","-8,328,000","-19,433,000","-6,401,000","-7,905,000","-4,091,000"
	NetIncome,"-258,416,000","-60,169,000","-64,391,000","-67,410,000","-66,448,000","-66,277,000","-98,958,000","-78,676,000","-92,247,000","-99,332,000","-99,501,000","-94,075,000","-120,427,000","-86,421,000","-99,259,000","-89,864,000","-101,190,000","-77,694,000","-51,883,000","-60,664,000","-175,386,000","-58,464,000","-70,728,000","-65,695,000","-129,314,000","-83,400,000","-119,541,000","-98,645,000","-71,531,000","-63,144,000","-54,907,000","-39,642,000","-34,764,000","-30,718,000","-29,203,000","-20,320,000","-19,341,000","-15,668,000","-21,059,000","-18,268,000","-15,657,000","-18,999,000","-14,908,000","-13,835,000","-18,499,000","-8,328,000","-19,433,000","-6,401,000","-7,905,000","-4,091,000"
		NetIncomeIncludingNoncontrollingInterests,"-258,416,000","-60,169,000","-64,391,000","-67,410,000","-66,448,000","-66,277,000","-98,958,000","-78,676,000","-92,247,000","-99,332,000","-99,501,000","-94,075,000","-120,427,000","-86,421,000","-99,259,000","-89,864,000","-101,190,000","-77,694,000","-51,883,000","-60,664,000","-175,386,000","-58,464,000","-70,728,000","-65,695,000","-129,314,000","-83,400,000","-119,541,000","-98,645,000","-71,531,000","-63,144,000","-54,907,000","-39,642,000","-34,764,000","-30,718,000","-29,203,000","-20,320,000","-19,341,000","-15,668,000","-21,059,000","-18,268,000","-15,657,000","-18,999,000","-14,908,000","-13,835,000","-18,499,000","-8,328,000","-19,433,000","-6,401,000","-7,905,000","-4,091,000"
			NetIncomeContinuousOperations,"-258,416,000","-60,169,000","-64,391,000","-67,410,000","-66,448,000","-66,277,000","-98,958,000","-78,676,000","-92,247,000","-99,332,000","-99,501,000","-94,075,000","-120,427,000","-86,421,000","-99,259,000","-89,864,000","-101,190,000","-77,694,000","-51,883,000","-60,664,000","-175,386,000","-58,464,000","-70,728,000","-65,695,000","-129,314,000","-83,400,000","-119,541,000","-98,645,000","-71,531,000","-63,144,000","-54,907,000","-39,642,000","-34,764,000","-30,718,000","-29,203,000","-20,320,000","-19,341,000","-15,668,000","-21,059,000","-18,268,000","-15,657,000","-18,999,000","-14,908,000","-13,835,000","-18,499,000","-8,328,000","-19,433,000","-6,401,000","-7,905,000","-4,091,000"
DilutedNIAvailtoComStockholders,"-258,416,000","-60,169,000","-64,391,000","-67,410,000","-66,448,000","-66,277,000","-98,958,000","-78,676,000","-92,247,000","-99,332,000","-99,501,000","-94,075,000","-120,427,000","-86,421,000","-99,259,000","-89,864,000","-101,190,000","-77,694,000","-51,883,000","-60,664,000","-175,386,000","-58,464,000","-70,728,000","-65,695,000","-129,314,000","-83,400,000","-119,541,000","-98,645,000","-71,531,000","-63,144,000","-54,907,000","-39,642,000","-34,764,000","-30,718,000","-29,203,000","-20,320,000","-19,341,000","-15,668,000","-21,059,000","-18,268,000","-15,657,000","-18,999,000","-14,908,000","-13,835,000","-18,499,000","-8,328,000","-19,433,000","-6,401,000","-7,905,000","-4,091,000"
BasicEPS,,"-0.44",,"-0.56","-0.61","-0.64",,"-0.89","-1.15","-1.39",,"-1.72","-2.27","-1.63",,"-1.71","-1.94","-1.54",,"-1.24","-3.88","-1.33",,"-1.7","-3.37","-2.17",,"-2.62","-2.1","-1.86",,"-1.17","-1.03","-0.91",,"-0.68","-0.72","-0.6","-0.81","-0.71","-0.61","-0.86",,"-10.73","-14.32","-6.461",,,,"-3.174"
DilutedEPS,,"-0.44",,"-0.56","-0.61","-0.64",,"-0.89","-1.15","-1.39",,"-1.72","-2.27","-1.63",,"-1.71","-1.94","-1.54",,"-1.24","-3.88","-1.33",,"-1.7","-3.37","-2.17",,"-2.62","-2.1","-1.86",,"-1.17","-1.03","-0.91",,"-0.68","-0.72","-0.6","-0.81","-0.71","-0.61","-0.86",,"-10.73","-14.32","-6.461",,,,"-3.174"
BasicAverageShares,,"138,205,000",,"121,217,000","108,481,000","104,246,000",,"88,255,000","80,453,000","71,662,000",,"54,707,000","53,028,000","52,891,000",,"52,669,000","52,223,000","50,602,000",,"48,917,000","45,176,000","44,039,000",,"38,538,000","38,389,000","38,360,000",,"37,613,000","34,062,381","34,011,000",,"33,921,000","33,872,000","33,820,000",,"30,047,000","26,717,000","26,034,000","25,948,000","25,906,000","25,744,000","22,041,000",,"1,289,000","1,292,000","1,289,000",,,,"1,289,000"
DilutedAverageShares,,"138,205,000",,"121,217,000","108,481,000","104,246,000",,"88,255,000","80,453,000","71,662,000",,"54,707,000","53,028,000","52,891,000",,"52,669,000","52,223,000","50,602,000",,"48,917,000","45,176,000","44,039,000",,"38,538,000","38,389,000","38,360,000",,"37,613,000","34,088,000","34,011,000",,"33,921,000","33,872,000","33,820,000",,"30,047,000","26,717,000","26,034,000","25,948,000","25,906,000","25,744,000","22,041,000",,"1,289,000","1,292,000","1,289,000",,,,"1,289,000"
TotalOperatingIncomeAsReported,"-218,115,000","-50,359,000","-52,711,000","-57,464,000","-57,582,000","-58,011,000","-64,982,000","-72,547,000","-82,648,000","-82,012,000","-91,658,000","-106,429,000","-93,459,000","-85,199,000","-96,966,000","-89,162,000","-79,013,000","-68,672,000","-63,204,000","-60,527,000","-57,739,000","-56,161,000","-67,136,000","-64,000,000","-156,646,000","-84,951,000","-146,908,000","-97,252,000","-68,336,000","-64,225,000","-53,890,000","-41,120,000","-34,966,000","-28,483,000","-28,494,000","-20,375,000","-19,308,000","-15,590,000","-21,055,000","-18,220,000","-15,520,000","-18,987,000","-14,476,000","-13,280,000","-18,384,000","-8,446,000","-19,888,000","-6,813,000","-7,835,000","-4,089,000"
TotalExpenses,"357,590,000","84,606,000","88,680,000","92,108,000","92,198,000","96,064,000","108,281,000","111,319,000","122,535,000","124,576,000","130,965,000","134,592,000","126,437,000","118,317,000","127,317,000","111,919,000","102,770,000","87,195,000","80,244,000","77,333,000","72,359,000","63,206,000","66,714,000","63,500,000","77,281,000","84,435,000","84,233,000","84,469,000","67,572,000","63,501,000","55,754,000","40,232,000","33,705,000","29,471,000","28,089,000","20,375,000","19,308,000","15,340,000","21,055,000","18,220,000","15,270,000","14,987,000","14,476,000","13,280,000","11,384,000","8,446,000","9,888,000","6,813,000","5,835,000","4,089,000"
NetIncomeFromContinuingAndDiscontinuedOperation,"-258,416,000","-60,169,000","-64,391,000","-67,410,000","-66,448,000","-66,277,000","-98,958,000","-78,676,000","-92,247,000","-99,332,000","-99,501,000","-94,075,000","-120,427,000","-86,421,000","-99,259,000","-89,864,000","-101,190,000","-77,694,000","-51,883,000","-60,664,000","-175,386,000","-58,464,000","-70,728,000","-65,695,000","-129,314,000","-83,400,000","-119,541,000","-98,645,000","-71,531,000","-63,144,000","-54,907,000","-39,642,000","-34,764,000","-30,718,000","-29,203,000","-20,320,000","-19,341,000","-15,668,000","-21,059,000","-18,268,000","-15,657,000","-18,999,000","-14,908,000","-13,835,000","-18,499,000","-8,328,000","-19,433,000","-6,401,000","-7,905,000","-4,091,000"
NormalizedIncome,"-247,023,193.96","-59,192,946.624","-60,906,099.737","-64,110,400","-64,038,108.802","-65,732,101.685","-98,987,871.708","-79,308,855.211","-89,113,222.977","-98,455,599.96","-99,574,730","-101,109,827.376","-95,237,813.147","-86,229,354.812","-99,031,240","-89,974,230","-81,092,554.163","-69,664,869.179","-63,236,761.568","-60,620,877.185","-59,309,807.706","-58,305,225.409","-70,340,400","-65,130,949","-64,660,674.319","-82,383,937.155","-69,549,102.148","-85,842,504.054","-70,387,400","-64,657,800","-60,333,112.91","-39,064,800","-33,944,350","-22,503,950","-28,939,750","-20,320,000","-19,341,000","-15,418,000","-21,283,000","-18,220,000","-15,235,941.244","-16,396,400","-14,644,750","-13,280,000","-11,384,000","-8,404,700","-13,228,750","-6,564,150","-6,664,150","-4,089,700"
InterestExpense,"32,817,000","8,542,000","7,956,000","8,170,000","8,148,000","7,398,000","6,743,000","6,215,000","5,313,000","5,220,000","5,933,000","4,532,000","3,817,000","3,590,000","3,591,000","3,376,000","3,581,000","2,635,000","3,588,000","2,297,000","2,598,000","2,264,000","3,101,000","1,797,000","2,106,000","2,104,000","2,101,000","2,099,000","2,097,000","2,075,000",,,,,,,,,,,,,,,,,,,,
NetInterestIncome,"-35,166,000","-9,100,000","-8,510,000","-8,786,000","-8,770,000","-8,037,000","-7,348,000","-6,859,000","-6,739,000","-9,561,000","-6,721,000","-5,278,000","-3,817,000","-3,590,000","-3,591,000","-3,376,000","-3,581,000","-2,635,000","-2,632,000","-2,618,000","-2,598,000","-2,581,000","-2,173,000","-2,108,000","-2,106,000","-2,104,000","-2,101,000","-2,099,000","-2,097,000","-2,075,000",,,,,,,,,,,,,,,,,,,,
EBIT,"-225,989,000","-51,747,000","-56,714,000","-59,227,000","-58,303,000","-59,013,000","-92,640,000","-72,479,000","-86,970,000","-94,180,000","-91,084,000","-89,893,000","-116,786,000","-82,991,000","-94,780,000","-86,475,000","-97,642,000","-75,319,000","-49,274,000","-59,601,000","-174,069,000","-56,283,000","-66,194,000","-64,125,000","-156,267,000","-85,477,000","-146,008,000","-97,174,000","-69,416,000","-60,967,000","-65,336,000","-40,232,000","-33,705,000","-15,846,000","-28,089,000","-20,375,000","-19,308,000","-15,340,000","-21,055,000","-18,220,000","-15,270,000","-14,987,000","-14,476,000","-13,280,000","-11,384,000","-8,446,000","-9,888,000","-6,813,000","-5,835,000","-4,089,000"
EBITDA,"-217,811,000"
ReconciledCostOfRevenue,"38,628,000","9,413,000","9,730,000","9,849,000","9,637,000","9,611,000","10,817,000","9,781,000","10,400,000","10,308,000","9,153,000","9,346,000","7,662,000","8,525,000","6,961,000","5,537,000","5,199,000","4,378,000","3,702,000","3,398,000","3,102,000","1,535,000",,,,,,,,,,,,,,,,,,"0","0","0","0","0","0","0","0","0","0","0"
ReconciledDepreciation,"8,178,000","1,923,000","1,998,000","2,020,000","2,237,000","2,241,000","2,051,000","2,019,000","1,998,000","2,130,000","2,041,000","2,095,000","1,910,000","1,722,000","2,104,000","990,000","921,000","586,000","593,000","630,000","642,000","639,000","322,000","269,000","280,000","270,000","213,000","-401,000","482,000","467,000","448,000","215,000","80,000","3,477,000","65,000","62,000","61,000","62,000","84,000","93,000","92,000","84,000","52,000","47,000","44,000","42,000","28,000","24,000","19,000","12,000"
NetIncomeFromContinuingOperationNetMinorityInterest,"-258,416,000","-60,169,000","-64,391,000","-67,410,000","-66,448,000","-66,277,000","-98,958,000","-78,676,000","-92,247,000","-99,332,000","-99,501,000","-94,075,000","-120,427,000","-86,421,000","-99,259,000","-89,864,000","-101,190,000","-77,694,000","-51,883,000","-60,664,000","-175,386,000","-58,464,000","-70,728,000","-65,695,000","-129,314,000","-83,400,000","-119,541,000","-98,645,000","-71,531,000","-63,144,000","-54,907,000","-39,642,000","-34,764,000","-30,718,000","-29,203,000","-20,320,000","-19,341,000","-15,668,000","-21,059,000","-18,268,000","-15,657,000","-18,999,000","-14,908,000","-13,835,000","-18,499,000","-8,328,000","-19,433,000","-6,401,000","-7,905,000","-4,091,000"
TotalUnusualItemsExcludingGoodwill,"-11,410,000","-978,000","-3,500,000","-4,520,000","-2,410,000","-546,000","30,000","633,000","-3,135,000","-877,000","101,000","7,061,000","-25,226,000","-192,000","-312,000","151,000","-20,104,000","-8,056,000","11,568,000","-44,000","-116,924,000","-159,000","-646,000","-566,000","-79,182,000","-1,067,000","-61,939,000","-12,884,000","-1,906,000","2,523,000","5,444,000","-888,000","-1,261,000","-12,637,000","-405,000","0","0","-250,000","224,000","-48,000","-422,000","-4,004,000","-405,000","-555,000","-7,115,000","118,000","-9,545,000","251,000","-1,909,000","-2,000"
TotalUnusualItems,"-11,410,000","-978,000","-3,500,000","-4,520,000","-2,410,000","-546,000","30,000","633,000","-3,135,000","-877,000","101,000","7,061,000","-25,226,000","-192,000","-312,000","151,000","-20,104,000","-8,056,000","11,568,000","-44,000","-116,924,000","-159,000","-646,000","-566,000","-79,182,000","-1,067,000","-61,939,000","-12,884,000","-1,906,000","2,523,000","5,444,000","-888,000","-1,261,000","-12,637,000","-405,000","0","0","-250,000","224,000","-48,000","-422,000","-4,004,000","-405,000","-555,000","-7,115,000","118,000","-9,545,000","251,000","-1,909,000","-2,000"
NormalizedEBITDA,"-206,401,000","-48,846,000","-51,216,000","-52,687,000","-53,656,000","-56,226,000","-90,619,000","-71,093,000","-81,837,000","-91,173,000","-89,144,000","-94,859,000","-89,650,000","-81,077,000","-92,364,000","-85,636,000","-76,617,000","-66,677,000","-60,249,000","-58,927,000","-56,503,000","-55,485,000","-65,226,000","-63,290,000","-76,805,000","-84,140,000","-83,856,000","-84,290,000","-67,028,000","-63,023,000","-70,332,000","-39,129,000","-32,364,000","268,000","-27,619,000","-20,313,000","-19,247,000","-15,028,000","-21,195,000","-18,079,000","-14,756,000","-10,899,000","-14,019,000","-12,678,000","-4,225,000","-8,522,000","-315,000","-7,040,000","-3,907,000","-4,075,000"
TaxRateForCalcs,"0.002","0.002","0.004","0.27","0","0.002","0.004","0","0","0.001","0.27","0.004","0.001","0.002","0.27","0.27","0","0.003","0.019","0.02","0.007","0.001","0.4","0.003","0.183","0.048","0.193","0.006","0.4","0.4","0.003","0.35","0.35","0.35","0.35","0","0","0","0","0","0.002","0.35","0.35","0","0","0.35","0.35","0.35","0.35","0.35"
TaxEffectOfUnusualItems,"-17,193.96","-1,946.624","-15,099.737","-1,220,400","-108.802","-1,101.685","128.292","144.789","-1,222.977","-599.96","27,270","26,172.624","-36,813.147","-354.812","-84,240","40,770","-6,554.163","-26,869.179","214,238.432","-877.185","-847,807.706","-225.409","-258,400","-1,949","-14,528,674.319","-50,937.155","-11,947,102.148","-81,504.054","-762,400","1,009,200","17,887.09","-310,800","-441,350","-4,422,950","-141,750","0","0","0","0","0","-941.244","-1,401,400","-141,750","0","0","41,300","-3,340,750","87,850","-668,150","-700"