name,ttm,03/31/2022,12/31/2021,09/30/2021,06/30/2021,03/31/2021,12/31/2020,09/30/2020,06/30/2020,03/31/2020,12/31/2019,09/30/2019,06/30/2019,03/31/2019,12/31/2018,09/30/2018,06/30/2018,03/31/2018,12/31/2017,09/30/2017,06/30/2017,03/31/2017,12/31/2016,09/30/2016,06/30/2016,03/31/2016,12/31/2015,09/30/2015,06/30/2015,03/31/2015,12/31/2014,09/30/2014,06/30/2014,03/31/2014,12/31/2013,09/30/2013,06/30/2013,03/31/2013,12/31/2012,09/30/2012,06/30/2012,03/31/2012,12/31/2011,09/30/2011,06/30/2011,03/31/2011,12/31/2010,09/30/2010,06/30/2010,03/31/2010,12/31/2009,09/30/2009,06/30/2009,03/31/2009,12/31/2008,09/30/2008,06/30/2008,03/31/2008,12/31/2007,09/30/2007,06/30/2007,03/31/2007,12/31/2006,09/30/2006,06/30/2006,03/31/2006,12/31/2005,09/30/2005,06/30/2005,03/31/2005
TotalRevenue,"1,856,564,000","460,500,000","666,630,000","434,821,000","294,652,000","114,361,000","98,242,000","35,478,000","8,974,000","543,616,000","788,803,000","821,817,000","957,756,000","714,723,000","798,476,000","754,235,000","889,053,000","779,971,000","749,994,000","710,748,000","751,195,000","779,610,000","700,918,000","768,574,000","744,404,000","704,869,000","707,223,000","700,056,000","799,932,000","645,398,000","659,944,000","646,903,000","717,863,000","602,280,000","651,933,000","757,566,000","725,622,000","547,773,000","611,534,000","633,573,000","649,606,000","578,818,000","535,871,000","640,013,000","620,593,000","483,136,000","524,909,000","560,235,000","539,369,000","516,631,000","536,367,000","496,825,000","517,508,000","425,800,000","407,814,000","476,223,000","457,234,000","401,016,000","393,284,000","471,499,000","440,036,000","378,022,000","391,505,000","276,363,000","276,363,000","276,363,000","273,589,000","249,003,000","249,003,000","249,003,000"
	OperatingRevenue,"1,654,892,000","408,800,000","593,068,000","389,722,000","263,293,000","95,609,000","80,558,000","24,017,000","161,000","482,818,000","709,280,000","743,906,000","866,354,000","646,864,000","722,613,000","691,781,000","814,176,000","714,396,000","704,720,000","672,155,000","712,202,000","744,693,000","661,705,000","734,233,000","709,667,000","673,635,000","662,538,000","662,369,000","762,493,000","615,089,000","619,502,000","613,963,000","682,143,000","573,937,000","614,386,000","721,888,000","693,229,000","521,810,000","489,809,000","633,573,000","649,606,000","578,818,000","535,871,000","640,013,000","620,593,000","483,136,000","524,909,000","560,235,000","539,369,000","516,631,000","536,367,000","496,825,000","517,508,000","425,800,000","407,814,000","476,223,000","457,234,000","401,016,000","393,284,000","471,499,000","440,036,000","378,022,000","391,505,000","276,363,000","276,363,000","276,363,000","273,589,000","249,003,000","249,003,000","249,003,000"
CostOfRevenue,"640,063,000","157,600,000","241,829,000","145,255,000","95,434,000","30,345,000","30,316,000","10,945,000","2,767,000","191,429,000","293,219,000","306,484,000","357,422,000","253,148,000","287,910,000","272,841,000","338,239,000","281,739,000","283,110,000","266,407,000","288,395,000","294,918,000","267,024,000","291,654,000","289,629,000","268,817,000","274,038,000","272,454,000","326,206,000","248,162,000","250,755,000","249,038,000","284,534,000","230,710,000","259,015,000","293,763,000","294,456,000","207,992,000","238,698,000","246,926,000","259,088,000","223,866,000","212,448,000","257,597,000","252,248,000","188,435,000","466,570,000","227,060,000","280,034,000","273,940,000","281,205,000","261,023,000","274,048,000","222,581,000","161,224,000","193,749,000","187,004,000","303,963,000","731,219,000","189,368,000","181,752,000","145,751,000","279,883,000","203,307,000",,,,,,
GrossProfit,"1,216,501,000","302,900,000","424,801,000","289,566,000","199,218,000","84,016,000","67,926,000","24,533,000","6,207,000","352,187,000","495,584,000","515,333,000","600,334,000","461,575,000","510,566,000","481,394,000","550,814,000","498,232,000","466,884,000","444,341,000","462,800,000","484,692,000","433,894,000","476,920,000","454,775,000","436,052,000","433,185,000","427,602,000","473,726,000","397,236,000","409,189,000","397,865,000","433,329,000","371,570,000","392,918,000","463,803,000","431,166,000","339,781,000","372,836,000","386,647,000","390,518,000","354,952,000","323,423,000","382,416,000","368,345,000","294,701,000","58,339,000","333,175,000","259,335,000","242,691,000","255,162,000","235,802,000","243,460,000","203,219,000","246,590,000","282,474,000","270,230,000","97,053,000","-337,935,000","282,131,000","258,284,000","232,271,000","111,622,000","73,056,000",,,,,,
OperatingExpense,"1,315,804,000","342,800,000","366,078,000","323,912,000","283,057,000","249,157,000","241,049,000","223,525,000","200,519,000","376,582,000","413,578,000","427,045,000","429,983,000","394,824,000","396,475,000","389,189,000","404,457,000","391,460,000","359,359,000","356,564,000","360,224,000","352,392,000","339,151,000","351,784,000","341,964,000","322,512,000","325,954,000","328,342,000","329,903,000","307,454,000","304,775,000","308,481,000","312,757,000","300,508,000","311,860,000","327,869,000","298,849,000","273,650,000","280,961,000","284,819,000","275,829,000","264,443,000","257,707,000","278,305,000","264,056,000","244,458,000","-3,827,000","250,817,000","174,950,000","170,551,000","177,752,000","176,985,000","168,980,000","151,594,000","326,019,000","229,796,000","217,341,000","62,971,000","-351,259,000","215,687,000","214,766,000","242,597,000","82,440,000","40,327,000",,,,,,
	SellingGeneralAndAdministration,"1,056,941,000","281,100,000","303,003,000","256,704,000","216,137,000","180,997,000","172,653,000","160,982,000","136,938,000","311,326,000","349,218,000","359,285,000","365,410,000","330,362,000","328,969,000","324,218,000","340,167,000","327,065,000","296,391,000","298,512,000","301,087,000","295,036,000","285,954,000","297,597,000","289,606,000","273,183,000","276,192,000","280,799,000","283,334,000","262,122,000","260,227,000","263,750,000","268,876,000","258,012,000","268,055,000","285,470,000","260,115,000","234,618,000","243,340,000","247,922,000","239,488,000","227,627,000","222,837,000","237,763,000","224,159,000","205,318,000","-42,914,000","215,833,000","138,844,000","133,293,000","140,282,000","137,533,000","129,913,000","114,866,000","172,788,000","186,362,000","176,351,000","20,572,000","-413,380,000","172,848,000","165,297,000","154,753,000","21,810,000","15,319,000",,,,,,
		GeneralAndAdministrativeExpense,"1,056,941,000","281,100,000","303,003,000","256,704,000","216,137,000","180,997,000","172,653,000","160,982,000","136,938,000","311,326,000","349,218,000","359,285,000","365,410,000","330,362,000","328,969,000","324,218,000","340,167,000","327,065,000","296,391,000","298,512,000","301,087,000","295,036,000","285,954,000","297,597,000","289,606,000","273,183,000","276,192,000","280,799,000","283,334,000","262,122,000","260,227,000","263,750,000","268,876,000","258,012,000","268,055,000","285,470,000","260,115,000","234,618,000","243,340,000","247,922,000","239,488,000","227,627,000","222,837,000","237,763,000","224,159,000","205,318,000","-42,914,000","215,833,000","138,844,000","133,293,000","140,282,000","137,533,000","129,913,000","114,866,000",,,,,,,,,,,,,,,,
			SalariesAndWages,"281,444,000","79,800,000","83,641,000","67,630,000","50,407,000","31,166,000","28,442,000","20,181,000","8,864,000","87,544,000","101,770,000","103,270,000","108,910,000","96,136,000","97,863,000","92,495,000","100,344,000","93,158,000","93,192,000","87,305,000","89,812,000","84,201,000","81,932,000","84,460,000","84,237,000","75,136,000","78,838,000","76,510,000","76,528,000","69,223,000","71,684,000","67,903,000","69,942,000","64,351,000","70,532,000","73,267,000","67,085,000","58,469,000","62,920,000","63,707,000","62,349,000","58,492,000","58,253,000","60,114,000","58,029,000","50,079,000","55,631,000","56,823,000","56,250,000","52,542,000","54,342,000","52,675,000","52,070,000","44,350,000",,,,,,,,,,,,,,,,
			RentAndLandingFees,"288,932,000","73,700,000","79,223,000","68,767,000","67,213,000","64,829,000","65,274,000","67,047,000","65,202,000","82,241,000","83,565,000","87,436,000","89,480,000","85,613,000","79,443,000","80,592,000","81,190,000","82,091,000","79,628,000","81,919,000","82,388,000","84,262,000","79,390,000","82,848,000","80,252,000","78,804,000","77,149,000","80,604,000","82,391,000","79,617,000","77,525,000","80,567,000","80,647,000","78,357,000","77,024,000","85,085,000","76,124,000","69,618,000","68,556,000",,,,,,,,,,,,,,,,,,,,,,,,,,,,,,,
			OtherGandA,"486,565,000","127,600,000","140,139,000","120,307,000","98,517,000","85,002,000","78,937,000","73,754,000","62,872,000","141,541,000","163,883,000","168,579,000","167,020,000","148,613,000","151,663,000","151,131,000","158,633,000","151,816,000","123,571,000","129,288,000","128,887,000","126,573,000","124,632,000","130,289,000","125,117,000","119,243,000","120,205,000","123,685,000","124,415,000","113,282,000","111,018,000","115,280,000","118,287,000","115,304,000","120,499,000","127,118,000","116,906,000","106,531,000","-101,195,000","184,215,000","177,139,000","169,135,000","164,584,000","177,649,000","166,130,000","155,239,000","-98,545,000","159,010,000","82,594,000","80,751,000","85,940,000","84,858,000","77,843,000","70,516,000",,,,,,,,,,,,,,,,
	DepreciationAmortizationDepletionIncomeStatement,"258,863,000","61,700,000","63,075,000","67,208,000","66,920,000","68,160,000","68,396,000","62,543,000","63,581,000","65,256,000","64,360,000","67,760,000","64,573,000","64,462,000","67,506,000","64,971,000","64,290,000","64,395,000","62,968,000","58,052,000","59,137,000","57,356,000","53,197,000","54,187,000","52,358,000","49,329,000","49,762,000","47,543,000","46,569,000","45,332,000","44,548,000","44,731,000","43,881,000","42,496,000","43,805,000","42,399,000","38,734,000","39,032,000","37,621,000","36,897,000","36,341,000","36,890,000","35,325,000","40,394,000","39,808,000","38,922,000","40,113,000","34,805,000","34,915,000","34,091,000","36,670,000","38,508,000","37,881,000","36,456,000","44,672,000","38,115,000","38,539,000","38,111,000","38,289,000","38,273,000","37,345,000","37,809,000","36,130,000","22,228,000",,,,,,
		DepreciationAndAmortizationInIncomeStatement,"258,863,000","61,700,000","63,075,000","67,208,000","66,920,000","68,160,000","68,396,000","62,543,000","63,581,000","65,256,000","64,360,000","67,760,000","64,573,000","64,462,000","67,506,000","64,971,000","64,290,000","64,395,000","62,968,000","58,052,000","59,137,000","57,356,000","53,197,000","54,187,000","52,358,000","49,329,000","49,762,000","47,543,000","46,569,000","45,332,000","44,548,000","44,731,000","43,881,000","42,496,000","43,805,000","42,399,000","38,734,000","39,032,000","37,621,000","36,897,000","36,341,000","36,890,000","35,325,000","40,394,000","39,808,000","38,922,000","40,113,000","34,805,000","34,915,000","34,091,000","36,670,000","38,508,000","37,881,000","36,456,000","44,672,000","38,115,000","38,539,000","38,111,000","38,289,000","38,273,000","37,345,000","37,809,000","36,130,000","22,228,000",,,,,,
			DepreciationIncomeStatement,,,,,,,,,,,,,,,,,,,,,,,,,,,,,,,,,,,,,,,,,,,,,,,,,"34,657,000","33,933,000","36,389,000","38,207,000","37,535,000","36,133,000",,,"37,840,000","37,407,000","37,580,000","37,606,000","36,720,000","36,875,000","34,280,000","20,514,000",,,,,,
			Amortization,,,,,,,,,,,,,,,,,,,,,,,,,,,,,,,,,,,,,,,,,,,,,,,,,"258,000","158,000","281,000","301,000","346,000","323,000",,,"699,000","704,000","709,000","667,000","625,000","934,000","1,850,000","1,714,000",,,,,,
				AmortizationOfIntangiblesIncomeStatement,,,,,,,,,,,,,,,,,,,,,,,,,,,,,,,,,,,,,,,,,,,,,,,,,"258,000","158,000","281,000","301,000","346,000","323,000",,,"699,000","704,000","709,000","667,000","625,000","934,000","1,850,000","1,714,000",,,,,,
	OtherOperatingExpenses,,,,,,,,,,,"117,501,000","123,877,000","122,696,000","110,637,000","110,204,000","112,832,000","115,602,000","109,432,000","83,290,000","92,341,000","91,053,000","88,357,000","90,420,000","94,999,000","89,130,000","81,377,000","79,770,000","84,586,000","85,138,000","75,357,000","74,466,000","79,477,000","78,570,000","75,932,000","75,868,000","84,723,000","76,360,000","68,752,000","133,171,000",,,"-74,000",,"148,000","89,000","218,000","-1,026,000","179,000","1,191,000","3,167,000","800,000","944,000","1,186,000","272,000","108,559,000","5,319,000","2,451,000","4,288,000","23,832,000","4,566,000","12,124,000","50,035,000","24,500,000","2,780,000",,,,,,
OperatingIncome,"-99,303,000","-39,900,000","58,723,000","-34,346,000","-83,839,000","-165,141,000","-173,123,000","-198,992,000","-194,312,000","-24,395,000","82,006,000","88,288,000","170,351,000","66,751,000","114,091,000","92,205,000","146,357,000","106,772,000","107,525,000","87,777,000","102,576,000","132,300,000","94,743,000","125,136,000","112,811,000","113,540,000","107,231,000","99,260,000","143,823,000","89,782,000","104,414,000","89,384,000","120,572,000","71,062,000","81,058,000","135,934,000","132,317,000","66,131,000","91,875,000","101,828,000","114,689,000","90,509,000","65,716,000","104,111,000","104,289,000","50,243,000","62,166,000","82,358,000","84,385,000","72,140,000","77,410,000","58,817,000","74,480,000","51,625,000","-79,429,000","52,678,000","52,889,000","34,082,000","13,324,000","66,444,000","43,518,000","-10,326,000","29,182,000","32,729,000","276,363,000","276,363,000","-683,507,000","249,003,000","249,003,000","249,003,000"
NetNonOperatingInterestIncomeExpense,"-167,418,000","-42,300,000","-42,950,000","-43,058,000","-39,168,000","-41,742,000","-42,855,000","-41,130,000","-33,503,000","-28,473,000","-36,821,000","-25,730,000","-26,193,000","-27,232,000","-29,365,000","-29,366,000","-30,517,000","-29,856,000","-24,856,000","-24,635,000","-25,142,000","-25,036,000","-24,967,000","-24,994,000","-25,249,000","-26,707,000","-25,886,000","-26,030,000","-25,429,000","-26,688,000","-26,585,000","-26,792,000","-27,256,000","-27,466,000","-27,516,000","-27,909,000","-33,864,000","-31,803,000","-26,579,000","-29,465,000","-30,882,000","-30,366,000","-30,126,000","-29,294,000","-28,053,000","-27,521,000","-27,026,000","-27,131,000","-27,225,000","-24,957,000","-29,304,000","-24,857,000","-24,712,000","-23,632,000",,,,,,,,,,,,,,,,
	InterestIncomeNonOperating,"7,396,000","1,600,000","1,061,000","861,000","3,828,000","646,000","601,000","1,348,000","803,000","2,084,000","2,527,000","3,903,000","3,468,000","2,691,000","2,753,000","2,761,000","2,862,000","2,238,000","1,854,000","1,682,000","1,380,000","1,333,000","1,366,000","1,665,000","2,013,000","1,352,000","1,925,000","2,389,000","2,875,000","1,519,000","2,012,000","1,543,000","1,030,000","1,014,000","656,000","1,569,000","594,000","803,000","2,717,000","1,396,000","493,000","1,767,000","1,660,000","2,955,000","1,724,000","1,769,000","1,865,000","1,807,000","1,380,000","1,053,000",,"1,036,000","937,000","1,832,000",,,,,,,,,,,,,,,,
	InterestExpenseNonOperating,"174,814,000","43,900,000","44,011,000","43,919,000","42,996,000","42,388,000","43,456,000","42,478,000","34,306,000","30,557,000","39,348,000","29,633,000","29,661,000","29,923,000","32,118,000","32,127,000","33,379,000","32,094,000","26,710,000","26,317,000","26,522,000","26,369,000","26,333,000","26,659,000","27,262,000","28,059,000","27,811,000","28,419,000","28,304,000","28,207,000","28,597,000","28,335,000","28,286,000","28,480,000","28,172,000","29,478,000","34,458,000","32,606,000","29,296,000","30,861,000","31,375,000","32,133,000","31,786,000","32,249,000","29,777,000","29,290,000","28,891,000","28,938,000","28,605,000","26,010,000","25,499,000","25,893,000","25,649,000","25,464,000",,,,,,,,,,,,,,,,
OtherIncomeExpense,"-22,996,000","7,900,000","-10,524,000","-9,045,000","-11,324,000","-16,603,000","-110,674,000","-29,059,000","-41,146,000","-9,662,000","-2,586,000","-16,550,000","-4,115,000","5,591,000","-28,846,000","3,951,000","-15,050,000","10,358,000","-6,311,000","28,000","3,821,000","17,330,000","5,328,000","6,910,000","-1,577,000","5,672,000","6,566,000","3,580,000","-4,730,000","6,188,000","-4,605,000","1,474,000","2,899,000","12,962,000","12,952,000","16,106,000","-68,894,000","9,352,000","311,000","5,057,000","-824,000","10,665,000","-5,583,000","2,168,000","-11,955,000","11,637,000","15,090,000","-5,467,000","-6,190,000","-347,000","7,594,000","281,000","-25,641,000","5,001,000","-99,841,000","-1,817,000","236,000","3,000","-20,518,000","-3,888,000","-2,002,000","151,898,000","-31,663,000","-4,868,000",,,,,,
	GainOnSaleOfSecurity,"4,929,000","3,200,000","-351,000","-273,000","2,327,000","-2,974,000","1,318,000","-2,251,000","-1,753,000","-4,848,000","1,391,000","-4,406,000","-401,000","22,000","-4,713,000","-3,126,000","-5,199,000","1,378,000","-1,125,000","584,000","-155,000","1,589,000","3,572,000","485,000","512,000","1,886,000","1,909,000","-11,935,000","1,439,000","-8,206,000","-5,834,000","-5,235,000","1,825,000","3,052,000","-769,000","-507,000","-1,670,000","1,330,000","424,000","1,215,000","-1,418,000","1,865,000","293,000","-1,858,000","523,000","823,000",,"682,000",,,,,,,,,,,,,,,,,,,,,,
	EarningsFromEquityInterest,"-7,329,000","-2,200,000","3,621,000","-612,000","-8,109,000","-6,729,000","1,881,000","-15,016,000","-19,430,000","13,710,000","11,593,000","17,613,000","10,585,000","14,952,000","13,255,000","16,544,000","9,838,000","14,994,000","13,921,000","13,046,000","8,577,000","16,848,000","11,904,000","13,771,000","5,258,000","15,685,000","12,794,000","15,648,000","4,086,000","13,738,000","9,578,000","13,809,000","4,780,000","13,117,000","14,126,000","17,355,000","3,378,000","8,524,000","24,299,000","6,844,000","988,000","9,821,000","27,513,000","1,719,000","-245,000","12,301,000","1,559,000","-1,842,000","-3,182,000",,"148,000","-35,000","-415,000","-605,000","-631,000","-415,000","-692,000","-635,000","-631,000","-335,000","-265,000","-1,231,000","53,000","-566,000",,,,,,
	SpecialIncomeCharges,"-20,596,000","6,900,000","-13,794,000","-8,160,000","-5,542,000","-6,900,000","-113,873,000","-11,792,000","-19,963,000","-18,524,000","-15,570,000","-29,757,000","-14,299,000","-9,383,000","-37,388,000","-9,467,000","-19,689,000","-6,014,000","-19,107,000","-13,602,000","-4,601,000","-1,107,000","-10,148,000","-7,346,000","-7,347,000","-11,899,000","-8,137,000","-133,000","-10,255,000","656,000","-8,349,000","-7,100,000","-3,706,000","-3,207,000","-405,000","-742,000","-70,602,000","-502,000","-24,412,000","-3,002,000","-394,000","-1,021,000","-33,389,000","2,307,000","-12,233,000","-1,487,000","14,293,000","-4,307,000","-3,008,000","-347,000","7,446,000","316,000","-25,226,000","5,606,000","-99,210,000","-1,402,000","928,000","638,000","-19,887,000","-3,553,000","-1,737,000","153,129,000","-31,716,000","-4,302,000",,,,,,
		RestructuringAndMergernAcquisition,"-801,000","0","287,000","-340,000","-740,000","-208,000","307,000","524,000","19,538,000",,,,,,,,,,,,,,,,,,,,,,,,,,,,,,,,,,,,,,,,,,,,,,,,,,,,,,,,,,,,,
		ImpairmentOfCapitalAssets,,,"13,365,000","7,480,000","0","0","111,492,000","24,595,000","0","16,619,000","11,619,000","27,304,000","12,494,000","5,584,000","27,352,000","1,641,000","2,788,000","591,000","5,484,000","5,026,000","4,301,000","273,000","513,000","406,000","1,425,000","492,000","3,846,000","633,000","3,528,000","794,000","1,353,000","4,510,000","430,000","354,000","1,718,000","131,000","1,101,000","844,000","1,559,000","976,000","311,000","185,000","3,432,000","992,000","1,594,000","1,015,000","6,481,000","1,022,000","4,688,000","347,000","3,743,000","3,146,000","3,930,000","1,039,000",,,,,,,,,,,,,,,,
		WriteOff,,,,,,,,,,,,"0",,,,,,,,,,,,,,,,,,,,,,,,,,,,,,,,,,,,,,,,,,,,,,,,,,,,,,,,,,
		OtherSpecialCharges,,,"0",,"3,924,000","2,603,000",,,,,,,,,"0",,,"1,484,000","275,000",,"246,000",,"161,000",,"98,000","13,186,000","0",,"925,000",,,,,,"0",,"72,302,000",,"10,685,000","2,026,000","83,000",,"29,957,000","-3,299,000","4,945,000",,"-20,774,000","3,285,000","-1,680,000",,,"-3,462,000","21,296,000","-6,645,000",,,,,,,,,,,,,,,,
		GainOnSaleOfPPE,"3,375,000","6,900,000","-142,000","-1,020,000","-2,358,000","-4,505,000","-2,074,000","13,327,000","-425,000","-1,905,000","-3,951,000","-2,453,000","-1,805,000","-3,799,000","-10,036,000","-7,826,000","-16,901,000","-3,939,000","-13,348,000","-8,576,000","-54,000","-834,000","-9,474,000","-6,940,000","-5,824,000","1,779,000","-4,291,000","500,000","-5,802,000","1,450,000","-6,996,000","-2,590,000","-3,276,000","-2,853,000","1,313,000","-611,000","2,801,000","342,000","-4,164,000",,,"-836,000",,,"-5,694,000","-472,000",,,,,,,,,,,,,,,,,,,,,,,,
	OtherNonOperatingIncomeExpenses,,,,,,,,,,,,,,,,,,,,,,,,,,,"9,679,000",,,,"1,373,000",,,,"6,730,000",,,,"6,628,000",,,,,,,,,,,,,,,,,,,,,,,,,,,,,,,
PretaxIncome,"-289,717,000","-74,300,000","5,249,000","-86,449,000","-134,331,000","-223,486,000","-326,652,000","-269,181,000","-268,961,000","-62,530,000","42,599,000","46,008,000","140,043,000","45,110,000","55,880,000","66,790,000","100,790,000","87,274,000","76,358,000","63,170,000","81,255,000","124,594,000","75,104,000","107,052,000","85,985,000","92,505,000","87,911,000","76,810,000","113,664,000","69,282,000","73,224,000","64,066,000","96,215,000","56,558,000","66,494,000","124,131,000","29,559,000","43,680,000","65,607,000","77,420,000","82,983,000","70,808,000","30,007,000","76,985,000","64,281,000","34,359,000","50,230,000","49,760,000","50,970,000","56,541,000","54,239,000","34,241,000","24,127,000","32,994,000","-94,340,000","30,815,000","27,363,000","8,892,000","-11,567,000","36,658,000","22,187,000","153,604,000","-17,220,000","10,249,000",,,,,,
TaxProvision,"-3,902,000","-1,800,000","-1,233,000","-8,876,000","7,950,000","-14,643,000","-86,978,000","-121,145,000","-98,145,000","-3,108,000","15,760,000","14,053,000","38,182,000","11,917,000","35,837,000","16,169,000","18,326,000","25,097,000","-19,117,000","24,630,000","29,445,000","44,400,000","-2,183,000","40,926,000","31,617,000","33,459,000","29,676,000","30,109,000","42,774,000","26,380,000","25,587,000","25,534,000","24,081,000","20,862,000","50,590,000","43,386,000","8,722,000","10,618,000","37,169,000","29,453,000","30,844,000","27,932,000","11,404,000","29,337,000","23,272,000","9,037,000","11,920,000","15,877,000","10,211,000","19,830,000","13,696,000","12,186,000","4,320,000","14,643,000","-4,793,000","10,367,000","11,840,000","3,641,000","42,198,000","60,054,000","-25,683,000","35,393,000","3,109,000","3,192,000",,,,,,
EarningsFromEquityInterestNetOfTax,,,,,,,,,,,,,,,,,,,,,,,,,,,,,,,,,,,,,,,,,,,,,,,,,,"27,000",,,,,,,,,,,,,,,,,,,,
NetIncomeCommonStockholders,"-290,383,000","-72,800,000","5,739,000","-77,814,000","-139,754,000","-205,097,000","-237,809,000","-146,120,000","-169,060,000","-59,241,000","26,334,000","31,353,000","100,315,000","32,545,000","18,275,000","50,228,000","82,135,000","62,021,000","95,074,000","38,139,000","51,239,000","79,728,000","77,005,000","65,655,000","53,906,000","58,525,000","57,751,000","46,339,000","70,258,000","42,521,000","47,307,000","38,129,000","71,731,000","35,443,000","15,592,000","80,019,000","20,265,000","32,594,000","27,822,000","47,385,000","51,638,000","42,104,000","18,263,000","46,920,000","40,411,000","24,963,000","38,013,000","33,332,000","39,682,000","35,093,000","39,862,000","21,011,000","18,670,000","17,565,000","-89,547,000","20,448,000","15,523,000","5,251,000","-53,765,000","-23,396,000","47,870,000","118,211,000","-20,329,000","7,057,000","7,057,000","7,057,000","-6,352,000","-6,352,000","-6,352,000","-6,352,000"
	NetIncome,"-288,483,000","-74,000,000","5,739,000","-77,814,000","-142,467,000","-208,241,000","-239,256,000","-147,592,000","-170,389,000","-59,591,000","26,334,000","31,353,000","100,971,000","32,728,000","19,443,000","50,228,000","82,135,000","62,021,000","95,074,000","38,139,000","51,239,000","79,728,000","77,005,000","65,655,000","53,906,000","58,525,000","57,751,000","46,339,000","70,258,000","42,521,000","47,307,000","38,129,000","71,731,000","35,443,000","15,592,000","80,019,000","20,265,000","32,594,000","27,822,000","47,385,000","51,638,000","42,104,000","18,263,000","46,920,000","40,411,000","24,963,000","38,013,000","33,332,000","39,682,000","35,093,000","39,862,000","21,011,000","18,670,000","17,565,000","-89,547,000","20,448,000","15,523,000","5,251,000","-53,765,000","-23,396,000","47,870,000","118,211,000","-20,329,000","7,057,000","7,057,000","7,057,000","-6,352,000","-6,352,000","-6,352,000","-6,352,000"
		NetIncomeIncludingNoncontrollingInterests,"-285,815,000","-72,500,000","6,482,000","-77,573,000","-142,281,000","-208,843,000","-239,674,000","-148,036,000","-170,816,000","-59,422,000","26,839,000","31,955,000","101,861,000","33,193,000","20,043,000","50,621,000","82,464,000","62,177,000","95,475,000","38,540,000","51,810,000","80,194,000","77,287,000","66,126,000","54,368,000","59,046,000","58,235,000","46,701,000","70,890,000","42,902,000","47,637,000","38,532,000","72,134,000","35,696,000","15,904,000","80,745,000","20,837,000","33,062,000","28,438,000","47,967,000","52,139,000","42,876,000","18,603,000","47,648,000","41,009,000","25,322,000","38,310,000","33,883,000","40,759,000","36,711,000","40,543,000","22,055,000","19,807,000","18,351,000","-89,427,000","21,979,000","16,615,000","6,403,000","-55,000,000","-22,264,000","48,476,000","118,500,000","-20,650,000","7,653,000","7,057,000","7,057,000","-5,428,000","-6,352,000","-6,352,000","-6,352,000"
			NetIncomeContinuousOperations,"-285,815,000","-72,500,000","6,482,000","-77,573,000","-142,281,000","-208,843,000","-239,674,000","-148,036,000","-170,816,000","-59,422,000","26,839,000","31,955,000","101,861,000","33,193,000","20,043,000","50,621,000","82,464,000","62,177,000","95,475,000","38,540,000","51,810,000","80,194,000","77,287,000","66,126,000","54,368,000","59,046,000","58,235,000","46,701,000","70,890,000","42,902,000","47,637,000","38,532,000","72,134,000","35,696,000","15,904,000","80,745,000","20,837,000","33,062,000","28,438,000","47,967,000","52,139,000","42,876,000","18,603,000","47,648,000","41,009,000","25,322,000","38,310,000","33,883,000","40,759,000","36,711,000","40,543,000","22,055,000","19,807,000","18,351,000","-89,547,000","20,448,000","15,523,000","5,251,000","-53,765,000","-23,396,000","47,870,000","118,211,000","-20,329,000","7,057,000","7,057,000","7,057,000","-6,352,000","-6,352,000","-6,352,000","-6,352,000"
		MinorityInterests,"-2,668,000","-1,500,000","-743,000","-241,000","-186,000","602,000","418,000","444,000","427,000","-169,000","-505,000","-602,000","-890,000","-465,000","-600,000","-393,000","-329,000","-156,000","-401,000","-401,000","-571,000","-466,000","-282,000","-471,000","-462,000","-521,000","-484,000","-362,000","-632,000","-381,000","-330,000","-403,000","-403,000","-253,000","-312,000","-726,000","-572,000","-468,000","-616,000","-582,000","-501,000","-772,000","-340,000","-728,000","-598,000","-359,000","-297,000","-551,000","-1,077,000","-1,618,000","-681,000","-1,044,000","-1,137,000","-786,000","-120,000","-1,531,000","-1,092,000","-1,152,000","1,235,000","-1,132,000","-606,000","-289,000","321,000","-596,000",,,,,,
	OtherunderPreferredStockDividend,,"-1,200,000",,,"-2,713,000","-3,144,000","-1,447,000","-1,472,000","-1,329,000","-350,000",,,"656,000","183,000",,,,,,,,,,,,,,,,,,,,,,,,,,,,,,,,,,,,,,,,,,,,,,,,,,,,,,,,
DilutedNIAvailtoComStockholders,"-290,383,000","-72,800,000","5,739,000","-77,814,000","-139,754,000","-205,097,000","-237,809,000","-146,120,000","-169,060,000","-59,241,000","26,334,000","31,353,000","100,315,000","32,545,000","18,275,000","50,228,000","82,135,000","62,021,000","95,074,000","38,139,000","51,239,000","79,728,000","77,005,000","65,655,000","53,906,000","58,525,000","57,751,000","46,339,000","70,258,000","42,521,000","47,307,000","38,129,000","71,731,000","35,443,000","15,592,000","80,019,000","20,265,000","32,594,000","27,822,000","47,385,000","51,638,000","42,104,000","18,263,000","46,920,000","40,411,000","24,963,000","38,013,000","33,332,000","39,682,000","35,093,000","39,862,000","21,011,000","18,670,000","17,565,000","-89,547,000","20,448,000","15,523,000","5,251,000","-53,765,000","-23,396,000","47,870,000","118,211,000","-20,329,000","7,057,000","7,057,000","7,057,000","-6,352,000","-6,352,000","-6,352,000","-6,352,000"
BasicEPS,,"-0.62","0.05","-0.65","-1.19","-1.75",,"-1.25","-1.45","-0.51","0.22","0.27","0.86","0.28","0.17","0.43","0.7","0.53","0.82","0.33","0.44","0.68",,"0.56","0.46","0.5","0.5","0.4","0.61","0.37","0.41","0.33","0.62","0.31","0.13","0.69","0.18","0.28","0.24","0.41","0.45","0.37",,"0.41","0.35","0.22",,"0.29","0.35","0.32",,"0.19","0.17","0.16",,"0.19","0.14","0.05",,"-0.22","0.46","1.28",,"0.253","0.253","0.253",,"-0.228","-0.228","-0.228"
DilutedEPS,,"-0.62","0.05","-0.65","-1.19","-1.75",,"-1.25","-1.45","-0.51","0.22","0.27","0.86","0.28","0.17","0.43","0.7","0.53","0.82","0.33","0.44","0.68",,"0.56","0.46","0.5","0.5","0.4","0.61","0.37","0.41","0.33","0.62","0.31","0.13","0.69","0.18","0.28","0.24","0.41","0.45","0.37",,"0.41","0.35","0.22",,"0.29","0.35","0.31",,"0.19","0.17","0.16",,"0.19","0.14","0.05",,"-0.22","0.45","1.25",,"0.253","0.247","0.247",,"-0.228","-0.228","-0.228"
BasicAverageShares,,"117,900,000","114,780,000","119,713,846","117,225,000","117,177,000",,"116,707,000","116,666,000","116,496,000","119,700,000","116,356,000","116,325,000","116,179,000","114,370,588","116,119,000","116,091,000","115,883,000","116,076,000","115,823,000","115,785,000","115,629,000",,"115,601,000","115,576,000","115,245,000","115,463,000","115,164,000","115,148,000","114,837,000","115,062,000","114,814,000","114,786,000","114,182,000","114,536,000","114,050,000","114,007,000","113,447,000","113,958,000","113,355,000","113,301,000","112,825,000",,"112,817,000","113,209,000","112,542,000",,"112,179,000","111,207,000","110,547,000",,"108,549,000","108,483,000","108,463,000",,"107,101,000","107,141,000","106,965,000",,"106,465,000","102,950,000","92,561,000",,"27,896,000","27,896,000","27,896,000",,"27,746,000","27,746,000","27,746,000"
DilutedAverageShares,,"117,900,000","117,582,000","119,713,846","117,225,000","117,177,000",,"116,707,000","116,666,000","116,496,000","119,700,000","116,600,000","116,548,000","116,418,000","116,383,000","116,322,000","116,268,000","116,143,000","116,076,000","116,104,000","116,072,000","115,915,000",,"115,793,000","115,758,000","115,527,000","115,463,000","115,356,000","115,328,000","115,058,000","115,062,000","115,021,000","114,961,000","114,610,000","114,536,000","114,449,000","114,387,000","113,979,000","113,958,000","113,814,000","113,737,000","113,368,000",,"113,298,000","113,209,000","112,899,000",,"112,516,000","111,552,000","110,880,000",,"110,372,000","110,266,000","109,566,000",,"109,405,000","109,467,000","109,197,000",,"106,465,000","105,292,000","94,912,000",,"28,639,000","28,639,000","28,639,000",,"27,746,000","27,746,000","27,746,000"
TotalOperatingIncomeAsReported,"-115,972,000","-33,000,000","44,929,000","-42,506,000","-85,457,000","-169,438,000","-286,996,000","-210,784,000","-214,275,000","-42,919,000","66,436,000","58,531,000","156,052,000","57,368,000","76,703,000","82,738,000","126,668,000","102,242,000","88,693,000","74,175,000","98,221,000","131,193,000","84,756,000","117,790,000","105,562,000","114,827,000","99,094,000","99,127,000","134,493,000","90,438,000","96,065,000","82,284,000","116,866,000","67,855,000","80,653,000","135,192,000","134,017,000","65,629,000","86,152,000","94,153,000","113,909,000","89,488,000","61,467,000","101,310,000","97,001,000","48,756,000","67,591,000","73,788,000","79,697,000","71,793,000","73,667,000","55,671,000","70,550,000","50,586,000","-79,429,000","52,678,000","52,889,000","34,082,000","13,324,000","66,444,000","43,518,000","-10,326,000","29,182,000","32,729,000",,,,,,
RentExpenseSupplemental,"288,932,000","73,700,000","79,223,000","68,767,000","67,213,000","64,829,000","65,274,000","67,047,000","65,202,000","82,241,000","83,565,000","87,436,000","89,480,000","85,613,000","79,443,000","80,592,000","81,190,000","82,091,000","79,628,000","81,919,000","82,388,000","84,262,000","79,390,000","82,848,000","80,252,000","78,804,000","77,149,000","80,604,000","82,391,000","79,617,000","77,525,000","80,567,000","80,647,000","78,357,000","77,024,000","85,085,000","76,124,000","69,618,000","68,556,000",,,,,,,,,,,,,,,,,,,,,,,,,,,,,,,
TotalExpenses,"1,955,867,000","500,400,000","607,907,000","469,167,000","378,491,000","279,502,000","271,365,000","234,470,000","203,286,000","568,011,000","706,797,000","733,529,000","787,405,000","647,972,000","684,385,000","662,030,000","742,696,000","673,199,000","642,469,000","622,971,000","648,619,000","647,310,000","606,175,000","643,438,000","631,593,000","591,329,000","599,992,000","600,796,000","656,109,000","555,616,000","555,530,000","557,519,000","597,291,000","531,218,000","570,875,000","621,632,000","593,305,000","481,642,000","519,659,000","531,745,000","534,917,000","488,309,000","470,155,000","535,902,000","516,304,000","432,893,000","462,743,000","477,877,000","454,984,000","444,491,000","458,957,000","438,008,000","443,028,000","374,175,000","487,243,000","423,545,000","404,345,000","366,934,000","379,960,000","405,055,000","396,518,000","388,348,000","362,323,000","243,634,000",,,,,,
NetIncomeFromContinuingAndDiscontinuedOperation,"-288,483,000","-74,000,000","5,739,000","-77,814,000","-142,467,000","-208,241,000","-239,256,000","-147,592,000","-170,389,000","-59,591,000","26,334,000","31,353,000","100,971,000","32,728,000","19,443,000","50,228,000","82,135,000","62,021,000","95,074,000","38,139,000","51,239,000","79,728,000","77,005,000","65,655,000","53,906,000","58,525,000","57,751,000","46,339,000","70,258,000","42,521,000","47,307,000","38,129,000","71,731,000","35,443,000","15,592,000","80,019,000","20,265,000","32,594,000","27,822,000","47,385,000","51,638,000","42,104,000","18,263,000","46,920,000","40,411,000","24,963,000","38,013,000","33,332,000","39,682,000","35,093,000","39,862,000","21,011,000","18,670,000","17,565,000","-89,547,000","20,448,000","15,523,000","5,251,000","-53,765,000","-23,396,000","47,870,000","118,211,000","-20,329,000","7,057,000","7,057,000","7,057,000","-6,352,000","-6,352,000","-6,352,000","-6,352,000"
NormalizedIncome,"-273,027,008.101","-83,857,600","16,064,850","-70,246,843.538","-140,120,050","-199,013,747","-156,671,148.017","-137,340,610","-156,597,168.4","-37,380,588.4","35,267,312.543","55,096,285","111,657,900","39,617,696","50,176,730","59,773,494","102,493,384","65,321,832","107,213,200","46,079,980","54,273,328","79,417,592","80,950,600","69,895,098","58,225,720","64,913,294","61,876,622.277","53,676,344","75,759,184","47,194,450","56,533,968.904","45,542,335","73,141,750","35,540,805","16,355,100","80,830,850","71,216,760","31,967,204","43,414,200","48,492,169.065","52,776,496.656","41,592,937.069","38,781,042.057","46,642,102.332","47,881,565.019","25,452,356.733","27,693,019.709","35,800,365.655","42,087,396.743","35,318,300.525","34,296,204.576","20,807,460.968","39,379,221.287","13,921,100","4,622,576.744","21,378,329.255","14,919,800","4,836,300","-40,838,450","-21,086,550","48,999,050","365,551.841","-1,299,400","10,019,163.528","7,057,000","7,057,000","-6,352,000","-6,352,000","-6,352,000","-6,352,000"
InterestIncome,"7,396,000","1,600,000","1,061,000","861,000","3,828,000","646,000","601,000","1,348,000","803,000","2,084,000","2,527,000","3,903,000","3,468,000","2,691,000","2,753,000","2,761,000","2,862,000","2,238,000","1,854,000","1,682,000","1,380,000","1,333,000","1,366,000","1,665,000","2,013,000","1,352,000","1,925,000","2,389,000","2,875,000","1,519,000","2,012,000","1,543,000","1,030,000","1,014,000","656,000","1,569,000","594,000","803,000","2,717,000","1,396,000","493,000","1,767,000","1,660,000","2,955,000","1,724,000","1,769,000","1,865,000","1,807,000","1,380,000","1,053,000",,"1,036,000","937,000","1,832,000",,,,,,,,,,,,,,,,
InterestExpense,"174,814,000","43,900,000","44,011,000","43,919,000","42,996,000","42,388,000","43,456,000","42,478,000","34,306,000","30,557,000","39,348,000","29,633,000","29,661,000","29,923,000","32,118,000","32,127,000","33,379,000","32,094,000","26,710,000","26,317,000","26,522,000","26,369,000","26,333,000","26,659,000","27,262,000","28,059,000","27,811,000","28,419,000","28,304,000","28,207,000","28,597,000","28,335,000","28,286,000","28,480,000","28,172,000","29,478,000","34,458,000","32,606,000","29,296,000","30,861,000","31,375,000","32,133,000","31,786,000","32,249,000","29,777,000","29,290,000","28,891,000","28,938,000","28,605,000","26,010,000","25,499,000","25,893,000","25,649,000","25,464,000",,,,,,,,,,,,,,,,
NetInterestIncome,"-167,418,000","-42,300,000","-42,950,000","-43,058,000","-39,168,000","-41,742,000","-42,855,000","-41,130,000","-33,503,000","-28,473,000","-36,821,000","-25,730,000","-26,193,000","-27,232,000","-29,365,000","-29,366,000","-30,517,000","-29,856,000","-24,856,000","-24,635,000","-25,142,000","-25,036,000","-24,967,000","-24,994,000","-25,249,000","-26,707,000","-25,886,000","-26,030,000","-25,429,000","-26,688,000","-26,585,000","-26,792,000","-27,256,000","-27,466,000","-27,516,000","-27,909,000","-33,864,000","-31,803,000","-26,579,000","-29,465,000","-30,882,000","-30,366,000","-30,126,000","-29,294,000","-28,053,000","-27,521,000","-27,026,000","-27,131,000","-27,225,000","-24,957,000","-29,304,000","-24,857,000","-24,712,000","-23,632,000",,,,,,,,,,,,,,,,
EBIT,"-114,903,000","-30,400,000","49,260,000","-42,530,000","-91,335,000","-181,098,000","-283,196,000","-226,703,000","-234,655,000","-31,973,000","81,947,000","75,641,000","169,704,000","75,033,000","87,998,000","98,917,000","134,169,000","119,368,000","103,068,000","89,487,000","107,777,000","150,963,000","101,437,000","133,711,000","113,247,000","120,564,000","115,722,000","105,229,000","141,968,000","97,489,000","101,821,000","92,401,000","124,501,000","85,038,000","94,666,000","153,609,000","64,017,000","76,286,000","94,903,000","108,281,000","114,358,000","102,941,000","61,793,000","109,234,000","94,058,000","63,649,000","79,121,000","78,698,000","79,575,000","82,551,000","79,738,000","60,134,000","49,776,000","58,458,000","-79,429,000","52,678,000","52,889,000","34,082,000","13,324,000","66,444,000","43,518,000","-10,326,000","29,182,000","32,729,000","276,363,000","276,363,000","-683,507,000","249,003,000","249,003,000","249,003,000"
EBITDA,"143,960,000"
ReconciledCostOfRevenue,"640,063,000","157,600,000","241,829,000","145,255,000","95,434,000","30,345,000","30,316,000","10,945,000","2,767,000","191,429,000","293,219,000","306,484,000","357,422,000","253,148,000","287,910,000","272,841,000","338,239,000","281,739,000","283,110,000","266,407,000","288,395,000","294,918,000","267,024,000","291,654,000","289,629,000","268,817,000","274,038,000","272,454,000","326,206,000","248,162,000","250,755,000","249,038,000","284,534,000","230,710,000","259,015,000","293,763,000","294,456,000","207,992,000","238,698,000","246,926,000","259,088,000","223,940,000","212,903,000","257,449,000","252,159,000","188,217,000","467,165,000","226,881,000","280,375,000","273,599,000","279,816,000","261,023,000","274,048,000","222,581,000","160,651,000","194,466,000","186,305,000","303,243,000","730,574,000","188,647,000","180,914,000","145,268,000","280,518,000","203,307,000",,,,,,
ReconciledDepreciation,"258,863,000","61,700,000","63,075,000","67,208,000","66,920,000","68,160,000","68,396,000","62,543,000","63,581,000","65,256,000","64,360,000","67,760,000","64,573,000","64,462,000","67,506,000","64,971,000","64,290,000","64,395,000","62,968,000","58,052,000","59,137,000","57,356,000","53,197,000","54,187,000","52,358,000","49,329,000","49,762,000","47,543,000","46,569,000","45,332,000","44,548,000","44,731,000","43,881,000","42,496,000","43,805,000","42,399,000","38,734,000","39,032,000","37,621,000","36,897,000","36,341,000","36,816,000","34,870,000","40,542,000","39,897,000","39,140,000","39,518,000","34,984,000","34,574,000","34,432,000","38,059,000","38,508,000","37,881,000","36,456,000","45,245,000","37,398,000","39,238,000","38,831,000","38,934,000","38,994,000","38,183,000","38,292,000","35,495,000","22,228,000",,,,,,
NetIncomeFromContinuingOperationNetMinorityInterest,"-288,483,000","-74,000,000","5,739,000","-77,814,000","-142,467,000","-208,241,000","-239,256,000","-147,592,000","-170,389,000","-59,591,000","26,334,000","31,353,000","100,971,000","32,728,000","19,443,000","50,228,000","82,135,000","62,021,000","95,074,000","38,139,000","51,239,000","79,728,000","77,005,000","65,655,000","53,906,000","58,525,000","57,751,000","46,339,000","70,258,000","42,521,000","47,307,000","38,129,000","71,731,000","35,443,000","15,592,000","80,019,000","20,265,000","32,594,000","27,822,000","47,385,000","51,638,000","42,104,000","18,263,000","46,920,000","40,411,000","24,963,000","38,013,000","33,332,000","39,682,000","35,093,000","39,862,000","21,011,000","18,670,000","17,565,000","-89,547,000","20,448,000","15,523,000","5,251,000","-53,765,000","-23,396,000","47,870,000","118,211,000","-20,329,000","7,057,000","7,057,000","7,057,000","-6,352,000","-6,352,000","-6,352,000","-6,352,000"
TotalUnusualItemsExcludingGoodwill,"-15,667,000","10,100,000","-14,145,000","-8,433,000","-3,215,000","-9,874,000","-112,555,000","-14,043,000","-21,716,000","-23,372,000","-14,179,000","-34,163,000","-14,700,000","-9,361,000","-42,101,000","-12,593,000","-24,888,000","-4,636,000","-20,232,000","-13,018,000","-4,756,000","482,000","-6,576,000","-6,861,000","-6,835,000","-10,013,000","-6,228,000","-12,068,000","-8,816,000","-7,550,000","-14,183,000","-12,335,000","-1,881,000","-155,000","-1,174,000","-1,249,000","-72,272,000","828,000","-23,988,000","-1,787,000","-1,812,000","844,000","-33,096,000","449,000","-11,710,000","-664,000","13,531,000","-3,625,000","-3,008,000","-347,000","7,446,000","316,000","-25,226,000","5,606,000","-99,210,000","-1,402,000","928,000","638,000","-19,887,000","-3,553,000","-1,737,000","153,129,000","-31,716,000","-4,302,000",,,,,,
TotalUnusualItems,"-15,667,000","10,100,000","-14,145,000","-8,433,000","-3,215,000","-9,874,000","-112,555,000","-14,043,000","-21,716,000","-23,372,000","-14,179,000","-34,163,000","-14,700,000","-9,361,000","-42,101,000","-12,593,000","-24,888,000","-4,636,000","-20,232,000","-13,018,000","-4,756,000","482,000","-6,576,000","-6,861,000","-6,835,000","-10,013,000","-6,228,000","-12,068,000","-8,816,000","-7,550,000","-14,183,000","-12,335,000","-1,881,000","-155,000","-1,174,000","-1,249,000","-72,272,000","828,000","-23,988,000","-1,787,000","-1,812,000","844,000","-33,096,000","449,000","-11,710,000","-664,000","13,531,000","-3,625,000","-3,008,000","-347,000","7,446,000","316,000","-25,226,000","5,606,000","-99,210,000","-1,402,000","928,000","638,000","-19,887,000","-3,553,000","-1,737,000","153,129,000","-31,716,000","-4,302,000",,,,,,
NormalizedEBITDA,"159,627,000","21,200,000","126,480,000","33,111,000","-21,200,000","-103,064,000","-102,245,000","-150,117,000","-149,358,000","56,655,000","160,486,000","177,564,000","248,977,000","148,856,000","197,605,000","176,481,000","223,347,000","188,399,000","186,268,000","160,557,000","171,670,000","207,837,000","161,210,000","194,759,000","172,440,000","179,906,000","171,712,000","164,840,000","197,353,000","150,371,000","160,552,000","149,467,000","170,263,000","127,689,000","139,645,000","197,257,000","175,023,000","114,490,000","156,512,000","146,965,000","152,511,000","138,987,000","130,214,000","149,327,000","145,665,000","103,453,000","105,703,000","117,307,000","117,498,000","117,330,000","110,351,000","98,326,000","112,883,000","89,308,000","65,026,000","92,195,000","91,199,000","72,275,000","72,145,000","108,991,000","83,438,000","-125,163,000","97,028,000","59,259,000","276,363,000","276,363,000","-683,507,000","249,003,000","249,003,000","249,003,000"
TaxRateForCalcs,"0.013","0.024","0.27","0.103","0.27","0.066","0.266","0.27","0.365","0.05","0.37","0.305","0.273","0.264","0.27","0.242","0.182","0.288","0.4","0.39","0.362","0.356","0.4","0.382","0.368","0.362","0.338","0.392","0.376","0.381","0.349","0.399","0.25","0.369","0.35","0.35","0.295","0.243","0.35","0.38","0.372","0.394","0.38","0.381","0.362","0.263","0.237","0.319","0.2","0.351","0.253","0.356","0.179","0.35","0.051","0.336","0.35","0.35","0.35","0.35","0.35","0.23","0.4","0.311","0.4","0.4","0.4","0.4","0.4","0.4"
TaxEffectOfUnusualItems,"-211,008.101","242,400","-3,819,150","-865,843.538","-868,050","-646,747","-29,970,148.017","-3,791,610","-7,924,168.4","-1,161,588.4","-5,245,687.457","-10,419,715","-4,013,100","-2,471,304","-11,367,270","-3,047,506","-4,529,616","-1,335,168","-8,092,800","-5,077,020","-1,721,672","171,592","-2,630,400","-2,620,902","-2,515,280","-3,624,706","-2,102,377.723","-4,730,656","-3,314,816","-2,876,550","-4,956,031.096","-4,921,665","-470,250","-57,195","-410,900","-437,150","-21,320,240","201,204","-8,395,800","-679,830.935","-673,503.344","332,937.069","-12,577,957.943","171,102.332","-4,239,434.981","-174,643.267","3,211,019.709","-1,156,634.345","-602,603.257","-121,699.475","1,880,204.576","112,460.968","-4,516,778.713","1,962,100","-5,040,423.256","-471,670.745","324,800","223,300","-6,960,450","-1,243,550","-607,950","35,283,551.841","-12,686,400","-1,339,836.472","0","0","0","0","0","0"