name,ttm,03/31/2022,12/31/2021,09/30/2021,06/30/2021,03/31/2021,12/31/2020,09/30/2020,06/30/2020,03/31/2020,12/31/2019,09/30/2019,06/30/2019,03/31/2019,12/31/2018,09/30/2018,06/30/2018,03/31/2018,12/31/2017,09/30/2017,06/30/2017,03/31/2017,12/31/2016,09/30/2016,06/30/2016,03/31/2016,12/31/2015,09/30/2015,06/30/2015,03/31/2015,12/31/2014,09/30/2014,06/30/2014,03/31/2014,12/31/2013,09/30/2013,06/30/2013,03/31/2013,12/31/2012,09/30/2012,06/30/2012,03/31/2012,12/31/2011,09/30/2011,06/30/2011,03/31/2011,12/31/2010,09/30/2010,06/30/2010,03/31/2010,12/31/2009,09/30/2009,06/30/2009,03/31/2009,12/31/2008,09/30/2008,06/30/2008,03/31/2008,12/31/2007,09/30/2007,06/30/2007,03/31/2007,12/31/2006,09/30/2006,06/30/2006,03/31/2006
TotalRevenue,"1,943,625,000","510,513,000","469,402,000","488,158,000","487,438,000","461,596,000","474,778,000","418,903,000","333,627,000","333,449,000","386,999,000","388,313,000","336,084,000","402,489,000","452,523,000","448,700,000","429,757,000","360,693,000","348,399,000","323,957,000","307,381,000","289,992,000","318,561,000","252,285,000","229,388,000","208,047,000","218,086,000","208,148,000","284,727,000","257,271,000","264,028,000","203,140,000","269,084,000","246,048,000","232,685,000","265,512,000","245,775,000","241,567,000","218,150,000","241,228,000","230,016,000","232,403,000","-564,626,000","489,955,000","428,084,000","424,125,000","438,901,000","460,767,000","404,322,000","353,619,000","362,059,000","324,239,000","287,528,000","274,914,000","374,827,000","413,601,000","398,910,000","372,755,000","288,083,000","235,282,000","218,219,000","176,319,000","132,353,000","183,837,000","94,683,000",
	OperatingRevenue,"1,943,625,000","510,513,000","469,402,000","488,158,000","487,438,000","461,596,000","474,778,000","418,903,000","333,627,000","333,449,000","386,999,000","388,313,000","336,084,000","402,489,000","452,523,000","448,700,000","429,757,000","360,693,000","348,399,000","323,957,000","307,381,000","289,992,000","318,561,000","252,285,000","229,388,000","208,047,000","218,086,000","208,148,000","284,727,000","257,271,000","264,028,000","203,140,000","269,084,000","246,048,000","232,685,000","265,512,000","245,775,000","241,567,000","218,150,000","241,228,000","230,016,000","232,403,000","-564,626,000","489,955,000","428,084,000","424,125,000","438,901,000","460,767,000","404,322,000","353,619,000","362,059,000","324,239,000","287,528,000","274,914,000","374,827,000","413,601,000","398,910,000","372,755,000","288,083,000","235,282,000","218,219,000","176,319,000","132,353,000","183,837,000","94,683,000",
CostOfRevenue,"1,185,401,000","309,698,000","297,404,000","296,027,000","294,683,000","274,747,000","302,672,000","265,119,000","216,224,000","213,961,000","246,209,000","251,778,000","213,521,000","266,300,000","304,832,000","298,996,000","279,075,000","234,582,000","222,468,000","206,232,000","197,661,000","195,659,000","215,195,000","169,870,000","150,167,000","141,786,000","148,979,000","139,169,000","198,766,000","185,355,000","191,303,000","141,090,000","186,542,000","169,696,000","163,056,000","183,040,000","168,418,000","165,194,000","150,831,000","164,281,000","157,115,000","155,810,000","-523,144,000","378,755,000","333,819,000","334,537,000","339,743,000","361,236,000","318,630,000","282,593,000","283,149,000","253,175,000","223,362,000","217,305,000","286,224,000","322,606,000","311,049,000","286,854,000","207,673,000","172,290,000","160,044,000","133,703,000","101,889,000","138,875,000","70,877,000",
GrossProfit,"758,224,000","200,815,000","171,998,000","192,131,000","192,755,000","186,849,000","172,106,000","153,784,000","117,403,000","119,488,000","140,790,000","136,535,000","122,563,000","136,189,000","147,691,000","149,704,000","150,682,000","126,111,000","125,931,000","117,725,000","109,720,000","94,333,000","103,366,000","82,415,000","79,221,000","66,261,000","69,107,000","68,979,000","85,961,000","71,916,000","72,725,000","62,050,000","82,542,000","76,352,000","69,629,000","82,472,000","77,357,000","76,373,000","67,319,000","76,947,000","72,901,000","76,593,000","-41,482,000","111,200,000","94,265,000","89,588,000","99,158,000","99,531,000","85,692,000","71,026,000","78,910,000","71,064,000","64,166,000","57,609,000","88,603,000","90,995,000","87,861,000","85,901,000","80,410,000","62,992,000","58,175,000","42,616,000","30,464,000","44,962,000","23,806,000",
OperatingExpense,"609,228,000","156,213,000","157,633,000","150,272,000","144,177,000","140,615,000","140,156,000","117,917,000","103,950,000","105,925,000","113,646,000","104,421,000","102,355,000","121,321,000","127,570,000","125,450,000","130,437,000","121,413,000","100,514,000","103,248,000","102,537,000","96,881,000","96,243,000","70,506,000","62,023,000","58,757,000","54,911,000","53,167,000","61,746,000","60,899,000","66,643,000","52,330,000","60,781,000","58,257,000","55,305,000","54,670,000","52,872,000","53,155,000","46,962,000","56,579,000","54,900,000","64,968,000","-28,648,000","91,262,000","79,663,000","83,285,000","96,497,000","78,308,000","76,606,000","86,201,000","72,449,000","63,162,000","61,192,000","59,804,000","90,604,000","73,875,000","83,263,000","81,909,000","64,732,000","54,610,000","52,666,000","39,210,000","45,600,000","42,119,000","18,769,000","500"
	SellingGeneralAndAdministration,"526,405,000","135,108,000","133,828,000","131,216,000","125,330,000","122,016,000","121,727,000","102,695,000","89,171,000","92,420,000","100,123,000","90,901,000","88,833,000","104,281,000","108,774,000","107,888,000","111,418,000","108,714,000","87,767,000","89,081,000","87,758,000","86,571,000","85,140,000","62,083,000","53,414,000","50,931,000","47,159,000","45,436,000","52,331,000","50,886,000","54,832,000","45,562,000","53,103,000","50,908,000","48,057,000","47,360,000","45,428,000","45,525,000","45,724,000","43,851,000","47,136,000","57,168,000","-29,292,000","82,790,000","71,974,000","75,583,000","88,254,000","70,839,000","69,129,000","80,078,000","66,454,000","56,994,000","54,942,000","53,608,000","84,431,000","67,704,000","77,132,000","74,997,000","59,858,000","49,208,000","46,695,000","35,379,000","42,729,000","38,975,000","16,205,000","500"
		GeneralAndAdministrativeExpense,"526,405,000","135,108,000","133,828,000","131,216,000","125,330,000","122,016,000","121,727,000","102,695,000","89,171,000","92,420,000","100,123,000","90,901,000","88,833,000","104,281,000","108,774,000","107,888,000","111,418,000","108,714,000","87,767,000","89,081,000","87,758,000","86,571,000","85,140,000","62,083,000","53,414,000","50,931,000","47,159,000","45,436,000","52,331,000","50,886,000","54,832,000","45,562,000","53,103,000","50,908,000","48,057,000","47,360,000","45,428,000","45,525,000",,,,,,"82,790,000","71,974,000","75,583,000","88,254,000","70,839,000","69,129,000","80,078,000","66,454,000","56,994,000","54,942,000","53,608,000",,,,,,,,,,,,
			SalariesAndWages,,,,,,,,,,,,,,,,,,,,,,,,,,,,,,,,,,,,,,,,,,,,"21,659,000","21,605,000","22,115,000","20,254,000","21,089,000","20,300,000","19,607,000","18,135,000","17,665,000","17,539,000","20,940,000",,,,,,,,,,,,
			OtherGandA,"526,405,000","135,108,000","133,828,000","131,216,000","125,330,000","122,016,000","121,727,000","102,695,000","89,171,000","92,420,000","100,123,000","90,901,000","88,833,000","104,281,000","108,774,000","107,888,000","111,418,000","108,714,000","87,767,000","89,081,000","87,758,000","86,571,000","85,140,000","62,083,000","53,414,000","50,931,000","47,159,000","45,436,000","52,331,000","50,886,000","54,832,000","45,562,000","53,103,000","50,908,000","48,057,000","47,360,000","45,428,000","45,525,000",,,,,,"61,131,000","50,369,000","53,468,000","68,000,000","49,750,000","48,829,000","60,471,000","48,319,000","39,329,000","37,403,000","32,668,000",,,,,,,,,,,,
	ResearchAndDevelopment,,,,,,,,,,,,,,,,,,,,,,,,,,,,,,,,,,,,,,,,,,,,,,,,,,,,,,,,,,,"335,000","433,000","389,000",,"253,000","279,000","1,273,000",
	DepreciationAmortizationDepletionIncomeStatement,"82,823,000","21,105,000","23,805,000","19,056,000","18,847,000","18,599,000","18,429,000","15,222,000","14,779,000","13,505,000","13,523,000","13,520,000","13,522,000","17,040,000","18,796,000","17,562,000","19,019,000","12,699,000","12,747,000","14,167,000","14,779,000","10,310,000","11,103,000","8,423,000","8,609,000","7,826,000","7,752,000","7,731,000","9,415,000","10,013,000","11,811,000","6,768,000","7,678,000","7,349,000","7,248,000","7,310,000","7,444,000","7,630,000","7,629,000","7,699,000","7,764,000","7,800,000","644,000","8,472,000","7,689,000","7,702,000","8,243,000","7,469,000","7,477,000","6,123,000","5,995,000","6,168,000","6,250,000","6,196,000","6,669,000","6,662,000","6,628,000","7,397,000","4,912,000","5,277,000","5,865,000","4,101,000","2,918,000","3,186,000","1,449,000",
		DepreciationAndAmortizationInIncomeStatement,"82,823,000","21,105,000","23,805,000","19,056,000","18,847,000","18,599,000","18,429,000","15,222,000","14,779,000","13,505,000","13,523,000","13,520,000","13,522,000","17,040,000","18,796,000","17,562,000","19,019,000","12,699,000","12,747,000","14,167,000","14,779,000","10,310,000","11,103,000","8,423,000","8,609,000","7,826,000","7,752,000","7,731,000","9,415,000","10,013,000","11,811,000","6,768,000","7,678,000","7,349,000","7,248,000","7,310,000","7,444,000","7,630,000","7,629,000","7,699,000","7,764,000","7,800,000","644,000","8,472,000","7,689,000","7,702,000","8,243,000","7,469,000","7,477,000","6,123,000","5,995,000","6,168,000","6,250,000","6,196,000","6,669,000","6,662,000","6,628,000","7,397,000","4,912,000","5,277,000","5,865,000","4,101,000","2,918,000","3,186,000","1,449,000",
			Amortization,"82,823,000","21,105,000","23,805,000","19,056,000","18,847,000","18,599,000","18,429,000","15,222,000","14,779,000","13,505,000","13,523,000","13,520,000","13,522,000","17,040,000","18,796,000","17,562,000","19,019,000","12,699,000","12,747,000","14,167,000","14,779,000","10,310,000","11,103,000","8,423,000","8,609,000","7,826,000","7,752,000","7,731,000","9,415,000","10,013,000","11,811,000","6,768,000","7,678,000","7,349,000","7,248,000","7,310,000","7,444,000","7,630,000","7,629,000","7,699,000","7,764,000","7,800,000","644,000","8,472,000","7,689,000","7,702,000","8,243,000","7,469,000","7,477,000","6,123,000","5,995,000","6,168,000","6,250,000","6,196,000","6,669,000","6,662,000","6,628,000","7,397,000","4,912,000","5,277,000","5,865,000","4,101,000","2,918,000","3,186,000","1,449,000",
				AmortizationOfIntangiblesIncomeStatement,"82,823,000","21,105,000","23,805,000","19,056,000","18,847,000","18,599,000","18,429,000","15,222,000","14,779,000","13,505,000","13,523,000","13,520,000","13,522,000","17,040,000","18,796,000","17,562,000","19,019,000","12,699,000","12,747,000","14,167,000","14,779,000","10,310,000","11,103,000","8,423,000","8,609,000","7,826,000","7,752,000","7,731,000","9,415,000","10,013,000","11,811,000","6,768,000","7,678,000","7,349,000","7,248,000","7,310,000","7,444,000","7,630,000","7,629,000","7,699,000","7,764,000","7,800,000","644,000","8,472,000","7,689,000","7,702,000","8,243,000","7,469,000","7,477,000","6,123,000","5,995,000","6,168,000","6,250,000","6,196,000","6,669,000","6,662,000","6,628,000","7,397,000","4,912,000","5,277,000","5,865,000","4,101,000","2,918,000","3,186,000","1,449,000",
	OtherOperatingExpenses,,,,,,,,,,,,,,,,,,,,,,,,,,,,,,,,,,,,,,,,"5,029,000",,,,,,,,,,,,,,,"-496,000","-491,000","-497,000","-485,000","-373,000","-308,000","-283,000","-270,000","-300,000","-321,000","-158,000",
OperatingIncome,"148,996,000","44,602,000","14,365,000","41,859,000","48,578,000","46,234,000","31,950,000","35,867,000","13,453,000","13,563,000","27,144,000","32,114,000","20,208,000","14,868,000","20,121,000","24,254,000","20,245,000","4,698,000","25,417,000","14,477,000","7,183,000","-2,548,000","7,123,000","11,909,000","17,198,000","7,504,000","14,196,000","15,812,000","24,215,000","11,017,000","6,082,000","9,720,000","21,761,000","18,095,000","14,324,000","27,802,000","24,485,000","23,218,000","20,357,000","20,368,000","18,001,000","11,625,000","-12,834,000","19,938,000","14,602,000","6,303,000","2,661,000","21,223,000","9,086,000","-15,175,000","6,461,000","7,902,000","2,974,000","-2,195,000","-2,001,000","17,120,000","4,598,000","3,992,000","15,678,000","8,382,000","5,509,000","3,406,000","-15,136,000","2,843,000","5,037,000","-500"
NetNonOperatingInterestIncomeExpense,"-65,612,000","-18,285,000","-17,044,000","-14,614,000","-15,669,000","-14,491,000","-14,305,000","-13,011,000","-11,784,000","-9,122,000","-10,481,000","-12,295,000","-19,373,000","-19,509,000","-21,039,000","-16,626,000","-14,533,000","-7,284,000","-6,186,000","-7,949,000","-9,421,000","-8,069,000","-2,383,000","-5,063,000","-7,936,000","-12,032,000","-2,438,000","-11,766,000","-3,670,000","-10,263,000","-11,171,000","-7,605,000","-5,393,000","-5,142,000","-5,341,000","-5,620,000","-4,714,000","-5,824,000","-7,203,000","-5,916,000","-7,697,000","-5,996,000","-5,104,000","-2,629,000","-2,340,000","-2,537,000","-3,055,000","-2,925,000","-2,858,000","-2,686,000","-1,751,000","-2,647,000","-2,679,000","-3,481,000",,,,,,,,,,,,
	InterestIncomeNonOperating,"31,000","18,000",,,,"83,000",,,,,,,,,,,,,,,,,,,,,,,,,,,,"9,000","4,000","2,000","31,000","2,000","3,000","8,000","10,000","33,000","29,000","2,000","0","2,000","2,000","1,000","2,000","15,000","1,067,000","34,000","16,000","61,000",,,,,,,,,,,,
	InterestExpenseNonOperating,"60,585,000","16,913,000","14,730,000","13,855,000","14,947,000","13,665,000","12,703,000","12,351,000","11,174,000","8,597,000","9,792,000","11,525,000","18,445,000","18,582,000","20,112,000","15,699,000","13,580,000","6,186,000","5,124,000","6,945,000","8,418,000","7,136,000","1,447,000","4,376,000","7,366,000","11,462,000","1,877,000","11,205,000","3,125,000","9,718,000","10,626,000","7,060,000","4,810,000","4,581,000","4,775,000","5,080,000","4,219,000","5,341,000","5,395,000","5,924,000","7,707,000","6,029,000","5,133,000","2,631,000","2,340,000","2,539,000","3,057,000","2,926,000","2,860,000","2,701,000","2,818,000","2,681,000","2,695,000","3,542,000",,,,,,,,,,,,
	TotalOtherFinanceCost,"5,058,000","1,390,000","2,410,000","759,000","722,000","909,000","2,078,000","660,000","610,000","525,000","689,000","770,000","928,000","927,000","927,000","927,000","953,000","1,098,000","1,062,000","1,004,000","1,003,000","933,000","936,000","687,000","570,000","570,000","561,000","561,000","545,000","545,000","545,000","545,000","583,000","570,000","570,000","542,000","526,000","485,000",,,,,,,,,,,,,,,,,,,,,,,,,,,,
OtherIncomeExpense,"-30,225,000","2,036,000","722,000","1,031,000","-33,968,000","-2,227,000","-448,000","-447,000","-2,386,000","661,000","-7,753,000","-44,001,000","-90,000","-5,871,000","-3,242,000","492,000","-2,205,000","-1,381,000","-8,777,000","2,020,000","952,000","-14,506,000","-3,247,000","46,592,000","11,684,000","-7,203,000","-6,317,000","10,834,000","11,863,000","-22,661,000","10,582,000","264,343,000","-2,037,000","184,000","-12,004,000","61,228,000","-11,940,000","-6,069,000","-14,629,000","-312,000","-613,000","-624,000","-23,820,000","-320,000","-197,000","-7,913,000","3,106,000","-42,567,000","-207,000","-238,000","-121,000","-337,000","-1,051,000","-64,001,000","11,442,000","-3,710,000","102,000","335,000","-315,000","245,000","18,000","12,000","-8,328,000","205,000","342,000",
	GainOnSaleOfSecurity,,,,,,,,,,,"46,000","-4,893,000",,"-5,300,000",,,,,,"0",,,,,,,,,,,,,,,"0","61,303,000","-8,912,000","-6,396,000",,,,,,,,,,,,,,,,,,,,,,,,,,,,
	EarningsFromEquityInterest,,,,,,,,,,,,,,,,"0","0","0",,"0","0","-5,620,000","15,810,000","50,414,000","18,889,000","-10,623,000","-4,985,000","11,784,000","11,181,000","-13,447,000","11,029,000","0",,,,,,,,,,,,,,,,,,,,,,,,,,,,,,,,,,
	SpecialIncomeCharges,,,"-1,458,000","0","-33,305,000",,"-1,882,000","0",,,"-8,511,000","-38,419,000",,,"-605,000","0","0","0","-8,414,000","0","0","-8,864,000","-19,239,000","-551,000","-6,663,000","0","0","0","-258,000","-8,907,000","0","264,325,000","-2,143,000",,"-12,018,000","0","-2,685,000",,"1,549,000","-312,000","-613,000","-624,000","-23,820,000","-320,000","-197,000","-7,913,000","3,106,000","-42,567,000","-207,000","-238,000","-121,000","-337,000","-1,051,000","-64,001,000","11,442,000","-3,710,000","102,000","335,000","-315,000","245,000","18,000","12,000","-8,328,000","205,000","342,000",
		RestructuringAndMergernAcquisition,,,,,,,,,,,,,,,,,,,,,,,,,,,,,,,,,,,,,,,,,,,,,,,,,,,,,,,,"3,758,000",,,,,,,,,,
		ImpairmentOfCapitalAssets,,,,,,,"0","0",,,"-500,000","33,381,000",,,"0","0","0","0","8,461,000","0","0","8,864,000",,,"0","0","0","0","258,000","8,907,000","0","0","0",,"12,018,000","0","900,000",,"0","0","0","0","20,069,000","0","0","7,700,000","-3,600,000","42,435,000","0","0","0","0","0","59,800,000",,,,,,,,,,,,
		WriteOff,,,,,,,,"0",,,"-500,000","33,381,000",,,"0","0","0","0","8,461,000","0","0","8,864,000",,,"0","0","0","0","258,000","8,907,000","0","0","0",,"12,018,000","0","900,000",,,,,,,,,,,,,,,,,,,,,,,,,,,,,
		OtherSpecialCharges,,,"0",,"33,305,000",,,,,,"7,281,000","5,038,000",,,,,,,,"-1,016,000",,,,,,,,,,,"0",,"2,143,000",,"0",,"1,785,000",,,"312,000","613,000","624,000","3,751,000","320,000","197,000","213,000","494,000","132,000","207,000","238,000","121,000","337,000","1,051,000","4,201,000",,"-48,000",,,,,,,,,,
		GainOnSaleOfBusiness,,,,,,,,,,,,,,,,"0","0","0",,"0","0","-5,620,000",,,,,"0","0",,,"0","264,325,000",,,,,,,,,,,,,,,,,,,,,,,,,,,,,,,,,,
		GainOnSaleOfPPE,,,,,,,,,,,,,,,,,,,"47,000","0","0",,"-3,239,000","-551,000","-6,663,000",,,,,,,,,,,,,,,,,,,,,,,,,,,,,,,,,,,,,,,,,
	OtherNonOperatingIncomeExpenses,"4,511,000","2,036,000","2,153,000","1,031,000","-663,000","-2,227,000","1,264,000","-447,000","-2,386,000","661,000","712,000","-689,000","-90,000","-571,000","2,718,000","492,000","-2,205,000","-1,381,000","-3,631,000","2,020,000","952,000","-22,000","1,568,000","-3,271,000","-542,000","3,420,000","-1,332,000","-950,000","940,000","-307,000","-447,000","18,000","106,000","184,000","14,000","-75,000","-343,000","327,000",,,,,,,,,,,,,,,,,,,,,,,,,,,,
PretaxIncome,"53,159,000","28,353,000","-1,957,000","28,276,000","-1,059,000","29,516,000","17,197,000","22,409,000","-717,000","5,102,000","8,910,000","-24,182,000","745,000","-10,512,000","-4,160,000","8,120,000","3,507,000","-3,967,000","10,454,000","8,548,000","-1,286,000","-25,123,000","1,493,000","53,438,000","20,946,000","-11,731,000","5,441,000","14,880,000","32,408,000","-21,907,000","5,493,000","266,458,000","14,331,000","13,137,000","-3,021,000","83,410,000","7,831,000","11,325,000","-1,475,000","14,140,000","9,691,000","5,005,000","-41,758,000","16,989,000","12,065,000","-4,147,000","2,712,000","-24,269,000","6,021,000","-18,099,000","4,589,000","4,918,000","-756,000","-69,677,000","4,899,000","9,279,000","-205,000","-532,000","12,827,000","7,686,000","4,390,000","2,262,000","-26,120,000","740,000","4,287,000",
TaxProvision,"23,005,000","9,976,000","-6,325,000","9,556,000","10,192,000","7,520,000","8,417,000","1,606,000","6,649,000","222,000","4,367,000","4,400,000","4,551,000","403,000","2,401,000","2,354,000","4,139,000","-2,346,000","-38,677,000","192,000","1,454,000","-3,648,000","-309,000","4,894,000","1,588,000","3,296,000","5,700,000","3,756,000","5,833,000","3,380,000","-3,440,000","3,928,000","2,012,000","5,764,000","2,041,000","5,114,000","5,875,000","7,699,000","3,950,000","7,361,000","5,659,000","4,116,000","-1,615,000","4,519,000","3,799,000","2,420,000","2,035,000","5,148,000","6,764,000","-2,812,000","4,639,000","2,130,000","-606,000","-27,444,000","2,904,000","3,067,000","848,000","553,000","4,992,000","2,711,000","1,651,000","1,337,000","135,000","3,582,000","1,581,000",
NetIncomeCommonStockholders,"62,596,000","9,964,000","-39,020,000","88,100,000","-24,623,000","812,000","43,089,000","5,427,000","-18,600,000","-15,350,000","71,344,000","-77,922,000","202,539,000","103,212,000","-12,849,000","-4,070,000","-6,148,000","-5,554,000","34,705,000","6,086,000","-31,740,000","-36,217,000","-6,755,000","40,697,000","17,970,000","-16,873,000","-19,915,000","163,590,000","21,506,000","-25,700,000","6,311,000","248,579,000","5,146,000","3,855,000","-23,818,000","73,387,000","-569,000","1,594,000","-6,718,000","3,486,000","76,000","-786,000","57,459,000","8,096,000","6,378,000","-6,974,000","-1,269,000","-30,059,000","-1,460,000","-15,969,000","-1,680,000","2,101,000","627,000","-27,318,000","1,228,000","5,258,000","72,602,000","-795,000","-3,440,000","4,355,000","2,532,000","36,921,000","-17,477,000","-3,884,000","2,112,000","-500"
	NetIncome,"119,320,000","23,762,000","22,088,000","88,100,000","-14,630,000","18,994,000","8,366,000","19,186,000","-8,437,000","3,665,000","3,808,000","-27,785,000","216,534,000","109,308,000","-7,179,000","4,726,000","-908,000","-2,341,000","46,002,000","7,706,000","-4,112,000","-21,605,000","1,764,000","49,705,000","19,239,000","-16,023,000","-2,217,000","164,500,000","24,457,000","-24,902,000","7,359,000","261,098,000","5,719,000","4,659,000","-6,348,000","73,387,000","-569,000","1,594,000","-6,718,000","3,486,000","76,000","-786,000","57,459,000","8,096,000","6,378,000","-6,974,000","-1,269,000","-30,059,000","-1,460,000","-15,969,000","-1,680,000","2,101,000","627,000","-27,318,000","1,228,000","5,258,000","72,602,000","-795,000","-3,440,000","4,355,000","2,532,000","36,921,000","-17,477,000","-3,884,000","2,112,000","-500"
		NetIncomeIncludingNoncontrollingInterests,"134,553,000","29,740,000","25,908,000","90,156,000","-11,251,000","21,996,000","8,780,000","20,903,000","-7,366,000","4,880,000","5,353,000","-26,543,000","218,173,000","110,158,000","-6,468,000","5,766,000","533,000","-1,621,000","49,131,000","8,356,000","-2,740,000","-21,135,000","1,976,000","50,223,000","19,358,000","-15,027,000","-1,536,000","166,018,000","26,575,000","-25,287,000","8,933,000","262,530,000","12,319,000","7,373,000","-5,062,000","78,296,000","1,956,000","3,626,000","-5,206,000","6,445,000","2,212,000","889,000","58,643,000","12,470,000","8,266,000","-6,567,000","677,000","-29,417,000","-743,000","-15,287,000","-50,000","2,788,000","-150,000","-42,233,000","2,426,000","6,848,000","73,820,000","-1,085,000","7,631,000","4,975,000","2,739,000","36,963,000","-18,128,000","-2,697,000","2,821,000","-500"
			NetIncomeContinuousOperations,"30,154,000","18,377,000","4,368,000","18,720,000","-11,251,000","21,996,000","8,780,000","20,803,000","-7,366,000","4,880,000","4,543,000","-28,582,000","-3,806,000","-10,915,000","-6,561,000","5,766,000","-632,000","-1,621,000","49,131,000","8,356,000","-2,740,000","-21,475,000","1,802,000","48,544,000","19,358,000","-15,027,000","-259,000","11,124,000","26,575,000","-25,287,000","8,933,000","262,530,000","12,319,000","7,373,000","-5,062,000","78,296,000","1,956,000","3,626,000","-5,425,000","6,779,000","4,032,000","889,000","-40,143,000","12,470,000","8,266,000","-6,567,000","677,000","-29,417,000","-743,000","-15,287,000","-50,000","2,788,000","-150,000","-42,233,000","797,000","4,622,000","-2,271,000","-795,000","-3,236,000","4,355,000","2,532,000","883,000","-25,604,000","-4,029,000","1,997,000","-500"
			NetIncomeDiscontinuousOperations,"104,399,000","11,363,000","21,540,000","71,436,000",,,"0","100,000","0","0","810,000","2,039,000","221,979,000","121,073,000","93,000","0","1,165,000","0","0","0","0","340,000","174,000","1,679,000","0","0","-1,277,000","154,894,000",,,,,,,"0","0","0","0","219,000","-334,000","-1,820,000","0",,,,,,,,,"0","0","0","0","431,000","636,000","74,873,000",,"-204,000",,,"36,038,000","8,127,000","145,000","115,000",
		MinorityInterests,"-15,233,000","-5,978,000","-3,820,000","-2,056,000","-3,379,000","-3,002,000","-414,000","-1,717,000","-1,071,000","-1,215,000","-1,545,000","-1,242,000","-1,639,000","-850,000","-711,000","-1,040,000","-1,441,000","-720,000","-3,129,000","-650,000","-1,372,000","-470,000","-212,000","-518,000","-119,000","-996,000","-681,000","-1,518,000","-2,118,000","385,000","-1,574,000","-1,432,000","-6,600,000","-2,714,000","-1,286,000","-4,909,000","-2,525,000","-2,032,000","-1,512,000","-2,959,000","-2,136,000","-1,675,000","-1,184,000","-4,374,000","-1,888,000","-407,000","-1,946,000","-642,000","-717,000","-682,000","-1,630,000","-687,000","777,000","14,915,000","-1,198,000","-1,590,000","-1,218,000","290,000","-11,071,000","-620,000","-207,000","-42,000","651,000","-1,187,000","-709,000",
	PreferredStockDividends,"27,050,000","8,914,000",,,"8,915,000","8,914,000",,"8,915,000","8,914,000","8,411,000",,"5,115,000","5,116,000","5,115,000","3,496,000","6,392,000","4,154,000","1,813,000",,,,,,,,,,,,,,,,,,,,,,,,,,,,,,,,,,,,,,,,,,,,,,,,
	OtherunderPreferredStockDividend,"29,674,000","4,884,000",,,"1,078,000","9,268,000",,"4,844,000","1,249,000","10,604,000",,"45,022,000","8,879,000","981,000","2,174,000","2,404,000","1,086,000","1,400,000","8,840,000","1,620,000","27,628,000","14,612,000","8,519,000","9,008,000","1,269,000","850,000","17,698,000","910,000","2,951,000","798,000","1,048,000","12,519,000","573,000","804,000",,,,,,,,,,,,,,,,,,,,,,,,,,,,,,,,
DilutedNIAvailtoComStockholders,"62,596,000","9,964,000","-39,020,000","88,100,000","-24,623,000","812,000","43,089,000","5,427,000","-18,600,000","-15,350,000","71,344,000","-77,922,000","202,539,000","103,212,000","-12,849,000","-4,070,000","-6,148,000","-5,554,000","34,705,000","6,086,000","-31,740,000","-36,217,000","-6,755,000","40,697,000","17,970,000","-16,873,000","-19,915,000","163,590,000","21,506,000","-25,700,000","6,311,000","248,579,000","5,146,000","3,855,000","-23,818,000","73,387,000","-569,000","1,594,000","-6,718,000","3,486,000","76,000","-786,000","57,459,000","8,096,000","6,378,000","-6,974,000","-1,269,000","-30,059,000","-1,460,000","-15,969,000","-1,680,000","2,101,000","627,000","-27,318,000","1,228,000","5,258,000","72,602,000","-795,000","-3,440,000","4,355,000","2,532,000","36,921,000","-17,477,000","-3,884,000","2,112,000","-500"
BasicEPS,,"0.14",,"0.97","-0.38","0.01","-0.06","0.08","-0.3","-0.26","-0.23","-1.3","3.38","1.72","-0.25","-0.07","-0.1","-0.09","0.53","0.1","-0.53","-0.6","-0.14","0.75","0.33","-0.31","-0.39","3.01","0.4","-0.47",,"5.15","0.11","0.08","-0.47","1.52","-0.01","0.03",,"0.07","0","-0.02",,"0.17","0.14","-0.15",,"-0.72","-0.04","-0.44",,"0.06","0.02","-0.87",,"0.17","2.3","-0.03",,"0.14","0.09","1.81",,"-0.19","0.21","-0"
DilutedEPS,,"0.14",,"0.97","-0.38","0.01","-0.06","0.08","-0.3","-0.26","-0.23","-1.3","3.38","1.72","-0.25","-0.07","-0.1","-0.09","0.53","0.1","-0.53","-0.6","-0.14","0.75","0.33","-0.31","-0.39","3.01","0.4","-0.47",,"5.15","0.11","0.08","-0.47","1.52","-0.01","0.03",,"0.07","0","-0.02",,"0.17","0.14","-0.15",,"-0.72","-0.04","-0.44",,"0.06","0.02","-0.87",,"0.17","2.3","-0.03",,"0.14","0.09","1.81",,"-0.19","0.21","-0"
BasicAverageShares,,"69,375,000",,"65,008,000","64,900,000","64,900,000","64,900,000","64,900,000","62,844,000","59,900,000","59,900,000","59,900,000","59,900,000","59,900,000","59,900,000","59,900,000","59,900,000","59,900,000","59,900,000","59,900,000","59,900,000","59,900,000","55,457,000","54,300,000","54,300,000","54,300,000","54,300,000","54,300,000","54,300,000","54,300,000",,"48,300,000","48,300,000","48,300,000","48,300,000","48,300,000","48,300,000","48,300,000",,"48,300,000","48,300,000","48,300,000",,"47,376,000","46,725,000","46,725,000",,"41,875,000","40,998,000","36,625,000",,"36,625,000","32,758,000","31,525,000",,"30,929,412","31,525,000","31,525,000",,"31,525,000","26,837,000","20,450,000",,"20,120,000","9,857,000","19,500,000"
DilutedAverageShares,,"69,375,000",,"65,008,000","64,900,000","64,900,000","64,900,000","64,900,000","62,844,000","59,900,000","59,900,000","59,900,000","59,900,000","59,900,000","59,900,000","59,900,000","59,900,000","59,900,000","59,900,000","59,900,000","59,900,000","59,900,000","55,457,000","54,300,000","54,300,000","54,300,000","54,300,000","54,300,000","54,300,000","54,300,000",,"48,300,000","48,300,000","48,300,000","48,300,000","48,300,000","48,300,000","48,300,000",,"48,300,000","48,300,000","48,300,000",,"47,376,000","46,725,000","46,725,000",,"41,875,000","40,998,000","36,625,000",,"36,625,000","32,758,000","31,525,000",,"30,929,412","31,525,000","31,525,000",,"31,525,000","26,837,000","20,450,000",,"20,120,000","19,500,000","19,500,000"
TotalOperatingIncomeAsReported,"148,996,000","44,602,000","14,365,000","41,859,000","48,578,000","46,234,000","31,950,000","35,867,000","13,453,000","13,563,000","27,644,000","-1,267,000","20,208,000","14,868,000","20,121,000","24,254,000","20,245,000","4,698,000","16,956,000","14,477,000","7,183,000","-11,412,000","-10,867,000","11,358,000","10,535,000","7,504,000","14,196,000","15,812,000","23,957,000","2,110,000","6,082,000","9,720,000","21,761,000","18,095,000","2,306,000","89,105,000","14,673,000","16,822,000","4,362,000","20,368,000","18,001,000","11,625,000","-32,903,000","19,938,000","14,602,000","-1,397,000","6,261,000","-21,212,000","9,086,000","-15,175,000","6,461,000","7,902,000","2,974,000","-61,995,000","8,952,000","13,362,000","4,598,000","3,992,000","15,678,000","8,382,000","5,509,000","3,406,000","-15,136,000","2,843,000","5,037,000","-500"
TotalExpenses,"1,794,629,000","465,911,000","455,037,000","446,299,000","438,860,000","415,362,000","442,828,000","383,036,000","320,174,000","319,886,000","359,855,000","356,199,000","315,876,000","387,621,000","432,402,000","424,446,000","409,512,000","355,995,000","322,982,000","309,480,000","300,198,000","292,540,000","311,438,000","240,376,000","212,190,000","200,543,000","203,890,000","192,336,000","260,512,000","246,254,000","257,946,000","193,420,000","247,323,000","227,953,000","218,361,000","237,710,000","221,290,000","218,349,000","197,793,000","220,860,000","212,015,000","220,778,000","-551,792,000","470,017,000","413,482,000","417,822,000","436,240,000","439,544,000","395,236,000","368,794,000","355,598,000","316,337,000","284,554,000","277,109,000","376,828,000","396,481,000","394,312,000","368,763,000","272,405,000","226,900,000","212,710,000","172,913,000","147,489,000","180,994,000","89,646,000","500"
NetIncomeFromContinuingAndDiscontinuedOperation,"119,320,000","23,762,000","22,088,000","88,100,000","-14,630,000","18,994,000","8,366,000","19,186,000","-8,437,000","3,665,000","3,808,000","-27,785,000","216,534,000","109,308,000","-7,179,000","4,726,000","-908,000","-2,341,000","46,002,000","7,706,000","-4,112,000","-21,605,000","1,764,000","49,705,000","19,239,000","-16,023,000","-2,217,000","164,500,000","24,457,000","-24,902,000","7,359,000","261,098,000","5,719,000","4,659,000","-6,348,000","73,387,000","-569,000","1,594,000","-6,718,000","3,486,000","76,000","-786,000","57,459,000","8,096,000","6,378,000","-6,974,000","-1,269,000","-30,059,000","-1,460,000","-15,969,000","-1,680,000","2,101,000","627,000","-27,318,000","1,228,000","5,258,000","72,602,000","-795,000","-3,440,000","4,355,000","2,532,000","36,921,000","-17,477,000","-3,884,000","2,112,000","-500"
NormalizedIncome,"35,762,600","12,399,000","1,592,630","16,664,000","9,682,650","18,994,000","9,615,760","19,086,000","-8,437,000","3,665,000","9,177,450","1,793,760","-5,445,000","-7,896,000","-2,921,200","4,726,000","-2,073,000","-2,341,000","52,461,600","7,706,000","-4,112,000","-14,368,102.337","-30,729,000","48,526,537.894","25,396,851.332","-16,023,000","-940,000","9,606,000","24,668,563.503","-17,366,678","7,359,000","669,556.305","7,561,133.626","4,659,000","1,463,700","15,842,584.606","6,969,050","5,751,400","2,452,900","4,022,800","2,294,450","-380,400","-18,428,243.834","8,330,881.394","6,512,969.084","-1,830,550","-3,287,900","-2,390,450","-1,325,450","-15,767,977.513","-1,601,350","2,320,050","1,310,150","11,474,632.189","-6,640,300","7,105,728.85","-2,337,300","-1,012,750","-3,043,591.409","4,196,416.211","2,520,769.476","875,200","-20,607,200","-4,152,000","1,781,125.962","-500"
InterestIncome,"31,000","18,000",,,,"83,000",,,,,,,,,,,,,,,,,,,,,,,,,,,,"9,000","4,000","2,000","31,000","2,000","3,000","8,000","10,000","33,000","29,000","2,000","0","2,000","2,000","1,000","2,000","15,000","1,067,000","34,000","16,000","61,000",,"559,000",,,,,"729,000",,"360,000",,,
InterestExpense,"60,585,000","16,913,000","14,730,000","13,855,000","14,947,000","13,665,000","12,703,000","12,351,000","11,174,000","8,597,000","9,792,000","11,525,000","18,445,000","18,582,000","20,112,000","15,699,000","13,580,000","6,186,000","5,124,000","6,945,000","8,418,000","7,136,000","1,447,000","4,376,000","7,366,000","11,462,000","1,877,000","11,205,000","3,125,000","9,718,000","10,626,000","7,060,000","4,810,000","4,581,000","4,775,000","5,080,000","4,219,000","5,341,000","5,395,000","5,924,000","7,707,000","6,029,000","5,133,000","2,631,000","2,340,000","2,539,000","3,057,000","2,926,000","2,860,000","2,701,000","2,818,000","2,681,000","2,695,000","3,542,000",,"4,199,000",,,,,"1,583,000",,"2,716,000",,,
NetInterestIncome,"-65,612,000","-18,285,000","-17,044,000","-14,614,000","-15,669,000","-14,491,000","-14,305,000","-13,011,000","-11,784,000","-9,122,000","-10,481,000","-12,295,000","-19,373,000","-19,509,000","-21,039,000","-16,626,000","-14,533,000","-7,284,000","-6,186,000","-7,949,000","-9,421,000","-8,069,000","-2,383,000","-5,063,000","-7,936,000","-12,032,000","-2,438,000","-11,766,000","-3,670,000","-10,263,000","-11,171,000","-7,605,000","-5,393,000","-5,142,000","-5,341,000","-5,620,000","-4,714,000","-5,824,000","-7,203,000","-5,916,000","-7,697,000","-5,996,000","-5,104,000","-2,629,000","-2,340,000","-2,537,000","-3,055,000","-2,925,000","-2,858,000","-2,686,000","-1,751,000","-2,647,000","-2,679,000","-3,481,000",,"-3,640,000",,,,,"-854,000",,"-2,356,000",,,
EBIT,"113,744,000","45,266,000","12,773,000","42,131,000","13,888,000","43,181,000","29,900,000","34,760,000","10,457,000","13,699,000","18,702,000","-12,657,000","19,190,000","8,070,000","15,952,000","23,819,000","17,087,000","2,219,000","15,578,000","15,493,000","7,132,000","-17,987,000","2,940,000","57,814,000","28,312,000","-269,000","7,318,000","26,085,000","35,533,000","-12,189,000","16,119,000","273,518,000","19,141,000","17,718,000","1,754,000","88,490,000","12,050,000","16,666,000","3,920,000","20,064,000","17,398,000","11,034,000","-36,625,000","19,620,000","14,405,000","-1,608,000","5,769,000","-21,343,000","8,881,000","-15,398,000","7,407,000","7,599,000","1,939,000","-66,135,000","-2,001,000","17,120,000","4,598,000","3,992,000","15,678,000","8,382,000","5,509,000","3,406,000","-15,136,000","2,843,000","5,037,000","-500"
EBITDA,"235,273,000"
ReconciledCostOfRevenue,"1,146,695,000","299,771,000","288,964,000","286,564,000","284,755,000","265,242,000","291,927,000","254,949,000","204,623,000","205,660,000","237,684,000","243,375,000","211,327,000","255,719,000","290,931,000","285,811,000","263,896,000","224,348,000","213,823,000","194,322,000","181,253,000","174,574,000","192,865,000","156,041,000","143,764,000","134,704,000","143,402,000","136,947,000","192,471,000","178,833,000","183,302,000","136,508,000","181,671,000","165,060,000","158,747,000","178,804,000","164,349,000","161,213,000","146,883,000","160,550,000","151,526,000","150,520,000","-523,144,000","374,674,000","331,022,000","331,925,000","333,850,000","358,451,000","316,382,000","280,711,000","281,137,000","251,113,000","221,253,000","215,101,000","283,928,000","320,443,000","308,153,000","284,575,000","206,099,000","170,811,000","158,820,000","132,804,000","100,678,000","137,927,000","70,877,000",
ReconciledDepreciation,"121,529,000","31,032,000","32,245,000","28,519,000","28,775,000","28,104,000","29,174,000","25,392,000","26,380,000","21,806,000","22,048,000","21,923,000","15,716,000","27,621,000","32,697,000","30,747,000","34,198,000","22,933,000","21,392,000","26,077,000","31,187,000","31,395,000","33,433,000","22,252,000","15,012,000","14,908,000","13,329,000","9,953,000","15,710,000","16,535,000","19,812,000","11,350,000","12,549,000","11,985,000","11,557,000","11,546,000","11,513,000","11,611,000","11,577,000","11,430,000","13,353,000","13,090,000","15,756,000","12,553,000","10,486,000","10,314,000","14,136,000","10,254,000","9,725,000","8,005,000","8,007,000","8,230,000","8,359,000","8,400,000","8,965,000","8,825,000","9,524,000","9,676,000","6,486,000","6,756,000","7,089,000","5,000,000","4,129,000","4,134,000","1,449,000",
NetIncomeFromContinuingOperationNetMinorityInterest,"14,921,000","12,399,000","548,000","16,664,000","-14,630,000","18,994,000","8,366,000","19,086,000","-8,437,000","3,665,000","2,998,000","-29,824,000","-5,445,000","-11,765,000","-7,272,000","4,726,000","-2,073,000","-2,341,000","46,002,000","7,706,000","-4,112,000","-21,945,000","1,590,000","48,026,000","19,239,000","-16,023,000","-940,000","9,606,000","24,457,000","-24,902,000","7,359,000","261,098,000","5,719,000","4,659,000","-6,348,000","73,387,000","-569,000","1,594,000","-6,937,000","3,820,000","1,896,000","-786,000","-41,327,000","8,096,000","6,378,000","-6,974,000","-1,269,000","-30,059,000","-1,460,000","-15,969,000","-1,680,000","2,101,000","627,000","-27,318,000","797,000","4,622,000","-2,271,000","-795,000","-3,236,000","4,355,000","2,532,000","883,000","-25,604,000","-4,029,000","1,997,000","-500"
TotalUnusualItemsExcludingGoodwill,"-34,736,000",,"-1,431,000","0","-33,305,000",,"-1,712,000","0",,,"-8,465,000","-43,312,000",,"-5,300,000","-5,960,000","0","0","0","-10,766,000","0","0","-8,864,000","53,865,000","-551,000","-6,663,000","0","0","0","-258,000","-8,907,000","0","264,325,000","-2,143,000",,"-12,018,000","61,303,000","-11,597,000","-6,396,000","-14,446,000","-312,000","-613,000","-624,000","-23,820,000","-320,000","-197,000","-7,913,000","3,106,000","-42,567,000","-207,000","-238,000","-121,000","-337,000","-1,051,000","-64,001,000","11,442,000","-3,710,000","102,000","335,000","-315,000","245,000","18,000","12,000","-8,328,000","205,000","342,000",
TotalUnusualItems,"-34,736,000",,"-1,431,000","0","-33,305,000",,"-1,712,000","0",,,"-8,465,000","-43,312,000",,"-5,300,000","-5,960,000","0","0","0","-10,766,000","0","0","-8,864,000","53,865,000","-551,000","-6,663,000","0","0","0","-258,000","-8,907,000","0","264,325,000","-2,143,000",,"-12,018,000","61,303,000","-11,597,000","-6,396,000","-14,446,000","-312,000","-613,000","-624,000","-23,820,000","-320,000","-197,000","-7,913,000","3,106,000","-42,567,000","-207,000","-238,000","-121,000","-337,000","-1,051,000","-64,001,000","11,442,000","-3,710,000","102,000","335,000","-315,000","245,000","18,000","12,000","-8,328,000","205,000","342,000",
NormalizedEBITDA,"270,009,000","76,298,000","46,449,000","70,650,000","75,968,000","71,285,000","60,786,000","60,152,000","36,837,000","35,505,000","49,215,000","52,578,000","34,906,000","40,991,000","54,609,000","54,566,000","51,285,000","25,152,000","47,736,000","41,570,000","38,319,000","22,272,000","-17,492,000","80,617,000","49,987,000","14,639,000","20,647,000","36,038,000","51,501,000","13,253,000","35,931,000","20,543,000","33,833,000","29,703,000","25,329,000","38,733,000","35,160,000","34,673,000","29,943,000","31,806,000","31,364,000","24,748,000","2,951,000","32,493,000","25,088,000","16,619,000","16,799,000","31,478,000","18,813,000","-7,155,000","15,535,000","16,166,000","11,349,000","6,266,000","-4,478,000","29,655,000","14,020,000","13,333,000","22,479,000","14,893,000","12,580,000","8,394,000","-2,679,000","6,772,000","6,144,000","-500"
TaxRateForCalcs,"0.4","0.352","0.27","0.338","0.27","0.255","0.27","0.072","0.27","0.043","0.27","0.27","0.27","0.27","0.27","0.29","0.27","0.27","0.4","0.022","0.4","0.145","0.4","0.092","0.076","0.281","0.4","0.252","0.18","0.154","0.35","0.015","0.14","0.35","0.35","0.061","0.35","0.35","0.35","0.35","0.35","0.35","0.039","0.266","0.315","0.35","0.35","0.35","0.35","0.155","0.35","0.35","0.35","0.394","0.35","0.331","0.35","0.35","0.389","0.353","0.376","0.35","0.4","0.4","0.369","0.4"
TaxEffectOfUnusualItems,"-13,894,400","0","-386,370","0","-8,992,350","0","-462,240","0","0","0","-2,285,550","-11,694,240","0","-1,431,000","-1,609,200","0","0","0","-4,306,400","0","0","-1,287,102.337","21,546,000","-50,462.106","-505,148.668","0","0","0","-46,436.497","-1,371,678","0","3,896,556.305","-300,866.374","0","-4,206,300","3,758,584.606","-4,058,950","-2,238,600","-5,056,100","-109,200","-214,550","-218,400","-921,243.834","-85,118.606","-62,030.916","-2,769,550","1,087,100","-14,898,450","-72,450","-36,977.513","-42,350","-117,950","-367,850","-25,208,367.811","4,004,700","-1,226,271.15","35,700","117,250","-122,591.409","86,416.211","6,769.476","4,200","-3,331,200","82,000","126,125.962","0"