name,ttm,03/31/2022,12/31/2021,09/30/2021,06/30/2021,03/31/2021,12/31/2020,09/30/2020,06/30/2020,03/31/2020,12/31/2019,09/30/2019,06/30/2019,03/31/2019,12/31/2018,09/30/2018
TotalRevenue,"375,583,000","86,280,000","94,426,000","98,076,000","96,801,000","98,662,000","94,964,000","90,882,000","74,810,000","86,495,000","77,459,000","82,957,000","77,569,000","70,304,000","72,484,000","75,356,000"
	OperatingRevenue,"375,583,000","86,280,000","94,426,000","98,076,000","96,801,000","98,662,000","94,964,000","90,882,000","74,810,000","86,495,000","77,459,000","83,148,000","77,569,000","70,304,000","72,484,000","75,295,000"
CostOfRevenue,"96,495,000","24,306,000","24,227,000","24,127,000","23,835,000","26,224,000","26,881,000","25,584,000","27,603,000","28,730,000","25,934,000","27,018,000","23,675,000","24,444,000","24,207,000","22,243,000"
GrossProfit,"279,088,000","61,974,000","70,199,000","73,949,000","72,966,000","72,438,000","68,083,000","65,298,000","47,207,000","57,765,000","51,525,000","55,939,000","53,894,000","45,860,000","48,277,000","53,113,000"
OperatingExpense,"214,705,000","55,220,000","42,352,000","60,876,000","56,257,000","54,558,000","47,764,000","46,668,000","48,602,000","42,889,000","46,068,000","43,910,000","40,576,000","41,181,000","42,106,000","39,144,000"
	SellingGeneralAndAdministration,"87,224,000","22,109,000","13,406,000","29,002,000","22,707,000","22,511,000","20,515,000","21,499,000","23,441,000","18,418,000","19,426,000","17,066,000","14,469,000","15,488,000","15,166,000","13,268,000"
		GeneralAndAdministrativeExpense,"52,916,000","13,800,000","7,527,000","18,416,000","13,173,000","12,956,000","11,617,000","12,930,000","14,261,000","10,712,000","11,483,000","8,280,000","6,237,000","5,689,000","5,721,000","4,915,000"
			OtherGandA,"52,916,000","13,800,000","7,527,000","18,416,000","13,173,000","12,956,000","11,617,000","12,930,000","14,261,000","10,712,000","11,483,000","8,280,000","6,237,000","5,689,000","5,721,000","4,915,000"
		SellingAndMarketingExpense,"34,308,000","8,309,000","5,879,000","10,586,000","9,534,000","9,555,000","8,898,000","8,569,000","9,180,000","7,706,000","7,943,000","8,786,000","8,232,000","9,799,000","9,445,000","8,353,000"
	ResearchAndDevelopment,"114,843,000","29,976,000","25,792,000","28,705,000","30,370,000","28,864,000","24,091,000","22,001,000","22,041,000","21,346,000","23,511,000","23,717,000","22,975,000","22,561,000","23,808,000","22,743,000"
	DepreciationAmortizationDepletionIncomeStatement,"12,638,000","3,135,000","3,154,000","3,169,000","3,180,000","3,183,000","3,158,000","3,168,000","3,120,000","3,125,000","3,131,000","3,127,000","3,132,000","3,132,000","3,132,000","3,133,000"
		DepreciationAndAmortizationInIncomeStatement,"12,638,000","3,135,000","3,154,000","3,169,000","3,180,000","3,183,000","3,158,000","3,168,000","3,120,000","3,125,000","3,131,000","3,127,000","3,132,000","3,132,000","3,132,000","3,133,000"
			Amortization,"12,638,000","3,135,000","3,154,000","3,169,000","3,180,000","3,183,000","3,158,000","3,168,000","3,120,000","3,125,000","3,131,000","3,127,000","3,132,000","3,132,000","3,132,000","3,133,000"
				AmortizationOfIntangiblesIncomeStatement,"12,638,000","3,135,000","3,154,000","3,169,000","3,180,000","3,183,000","3,158,000","3,168,000","3,120,000","3,125,000","3,131,000","3,127,000","3,132,000","3,132,000","3,132,000","3,133,000"
	OtherOperatingExpenses,,,,,,"45,000",,,,,,,,,,
OperatingIncome,"64,383,000","6,754,000","27,847,000","13,073,000","16,709,000","17,880,000","20,319,000","18,630,000","-1,395,000","14,876,000","5,457,000","12,029,000","13,318,000","4,679,000","6,171,000","13,969,000"
NetNonOperatingInterestIncomeExpense,"-13,261,000","-3,277,000","-3,337,000","-3,387,000","-3,260,000","-3,460,000","-3,781,000","-3,672,000","-5,508,000","-6,455,000","-6,517,000",,"0","0","0",
	InterestIncomeNonOperating,"248,000","83,000","90,000","41,000","34,000","16,000","18,000","22,000","38,000","244,000","281,000",,"0","0","0",
	InterestExpenseNonOperating,"13,509,000","3,360,000","3,427,000","3,428,000","3,294,000","3,476,000","3,799,000","3,694,000","5,546,000","6,699,000","6,798,000",,"0","0","0",
OtherIncomeExpense,"-9,446,000","-508,000","-5,167,000","-2,184,000","-1,587,000","2,959,000","-2,284,000","-7,465,000","-23,747,000","-2,644,000","-7,700,000","-7,187,000","-10,207,000","-4,245,000","-3,378,000","-3,182,000"
	GainOnSaleOfSecurity,,,,,,,,,,"226,000","-146,000","231,000","-149,000","266,000","-16,000","50,000"
	SpecialIncomeCharges,"-9,464,000","-474,000","-4,915,000","-2,315,000","-1,760,000","-537,000","-47,000","-4,512,000","-3,301,000","-2,870,000","-7,554,000","-7,418,000","-10,057,000","-4,511,000","-3,362,000","-3,232,000"
		RestructuringAndMergernAcquisition,"4,763,000","183,000","4,915,000","2,315,000","1,760,000","492,000","47,000","4,512,000","3,301,000","2,870,000","7,554,000","7,418,000","10,057,000","4,511,000","3,362,000","3,232,000"
		OtherSpecialCharges,,"291,000",,,,"45,000",,,,,,,,,,
	OtherNonOperatingIncomeExpenses,"18,000","-34,000","-252,000","131,000","173,000","3,496,000","-2,237,000","-2,953,000","-20,446,000","226,000","-146,000","231,000","-150,000","266,000","-16,000","50,000"
PretaxIncome,"41,676,000","2,969,000","19,343,000","7,502,000","11,862,000","17,379,000","14,254,000","7,493,000","-30,650,000","5,777,000","-8,760,000","4,842,000","3,111,000","434,000","2,793,000","10,787,000"
TaxProvision,"9,319,000","3,445,000","299,000","-489,000","6,064,000","6,216,000","-7,384,000","676,000","-2,469,000","-6,718,000","3,002,000","-90,944,000","1,341,000","-20,000","538,000","2,163,000"
NetIncomeCommonStockholders,"32,357,000","-476,000","19,044,000","7,991,000","5,798,000","11,163,000","21,638,000","6,817,000","-28,181,000","12,495,000","-11,762,000","95,786,000","1,770,000","454,000","2,255,000","8,624,000"
	NetIncome,"32,357,000","-476,000","19,044,000","7,991,000","5,798,000","11,163,000","21,638,000","6,817,000","-28,181,000","12,495,000","-11,762,000","95,786,000","1,770,000","454,000","2,255,000","8,624,000"
		NetIncomeIncludingNoncontrollingInterests,"32,357,000","-476,000","19,044,000","7,991,000","5,798,000","11,163,000","21,638,000","6,817,000","-28,181,000","12,495,000","-11,762,000","95,786,000","1,770,000","454,000","2,255,000","8,624,000"
			NetIncomeContinuousOperations,"32,357,000","-476,000","19,044,000","7,991,000","5,798,000","11,163,000","21,638,000","6,817,000","-28,181,000","12,495,000","-11,762,000","95,786,000","1,770,000","454,000","2,255,000","8,624,000"
AverageDilutionEarnings,,"0",,,,"0",,,,,,,,,,
DilutedNIAvailtoComStockholders,"28,743,000","-476,000","19,044,000","7,991,000","5,798,000","11,163,000","21,638,000","6,817,000","-28,181,000","12,495,000","-11,762,000","95,786,000","1,770,000","454,000","2,255,000","8,624,000"
BasicEPS,,"-0.01","0.49","0.21","0.15","0.3","0.58","0.19","-0.77","0.34","-0.33","2.592","0.049","0.012","0.062",
DilutedEPS,,"-0.01","0.47","0.2","0.15","0.28","0.54","0.17","-0.77","0.33","-0.33","2.592","0.049","0.012","0.062",
BasicAverageShares,,"39,189,000","38,839,000","38,015,000","37,825,000","37,743,000","37,180,000","36,765,000","36,509,000","36,441,350","35,995,355","36,391,445","36,385,336","36,385,336","36,385,336",
DilutedAverageShares,,"39,189,000","44,370,000","39,748,000","39,296,000","39,177,000","43,363,000","39,041,000","36,509,000","37,391,720","35,995,355","36,391,445","36,385,336","36,385,336","36,385,336",
TotalOperatingIncomeAsReported,"54,919,000","6,280,000","22,932,000","10,758,000","14,949,000","17,343,000","20,272,000","14,118,000","-4,696,000","12,006,000","-2,097,000","4,611,000","3,261,000","168,000","2,809,000","10,737,000"
TotalExpenses,"311,200,000","79,526,000","66,579,000","85,003,000","80,092,000","80,782,000","74,645,000","72,252,000","76,205,000","71,619,000","72,002,000","70,928,000","64,251,000","65,625,000","66,313,000","61,387,000"
NetIncomeFromContinuingAndDiscontinuedOperation,"32,357,000","-476,000","19,044,000","7,991,000","5,798,000","11,163,000","21,638,000","6,817,000","-28,181,000","12,495,000","-11,762,000","95,786,000","1,770,000","454,000","2,255,000","8,624,000"
NormalizedIncome,"39,704,793.646","-191,600","23,885,275","9,680,950","7,082,800","11,507,754","21,672,310","10,921,938.476","-25,147,381","14,590,100","-6,247,580","101,201,140","9,111,610","3,747,030","4,968,134","11,207,922.128"
InterestIncome,"248,000","83,000","90,000","41,000","34,000","16,000","18,000","22,000","38,000","244,000","281,000",,"0","0","0",
InterestExpense,"13,509,000","3,360,000","3,427,000","3,428,000","3,294,000","3,476,000","3,799,000","3,694,000","5,546,000","6,699,000","6,798,000",,"0","0","0",
NetInterestIncome,"-13,261,000","-3,277,000","-3,337,000","-3,387,000","-3,260,000","-3,460,000","-3,781,000","-3,672,000","-5,508,000","-6,455,000","-6,517,000",,"0","0","0",
EBIT,"55,185,000","6,329,000","22,770,000","10,930,000","15,156,000","20,855,000","18,053,000","11,187,000","-25,104,000","12,476,000","-1,962,000","12,029,000","3,111,000","434,000","2,793,000","13,969,000"
EBITDA,"83,473,000"
ReconciledCostOfRevenue,"80,845,000","21,077,000","20,171,000","19,911,000","19,686,000","22,084,000","22,415,000","21,415,000","22,990,000","24,243,000","21,706,000","22,823,000","19,859,000","20,348,000","19,993,000","17,702,000"
ReconciledDepreciation,"28,288,000","6,364,000","7,210,000","7,385,000","7,329,000","7,323,000","7,624,000","7,337,000","7,733,000","7,612,000","7,359,000","7,322,000","6,948,000","7,228,000","7,346,000","7,674,000"
NetIncomeFromContinuingOperationNetMinorityInterest,"32,357,000","-476,000","19,044,000","7,991,000","5,798,000","11,163,000","21,638,000","6,817,000","-28,181,000","12,495,000","-11,762,000","95,786,000","1,770,000","454,000","2,255,000","8,624,000"
TotalUnusualItemsExcludingGoodwill,"-9,464,000","-474,000","-4,915,000","-2,315,000","-1,760,000","-537,000","-47,000","-4,512,000","-3,301,000","-2,870,000","-7,554,000","-7,418,000","-10,057,000","-4,511,000","-3,362,000","-3,232,000"
TotalUnusualItems,"-9,464,000","-474,000","-4,915,000","-2,315,000","-1,760,000","-537,000","-47,000","-4,512,000","-3,301,000","-2,870,000","-7,554,000","-7,418,000","-10,057,000","-4,511,000","-3,362,000","-3,232,000"
NormalizedEBITDA,"92,937,000","13,167,000","34,895,000","20,630,000","24,245,000","28,715,000","25,724,000","23,036,000","-14,070,000","22,958,000","12,951,000","26,769,000","20,116,000","12,173,000","13,501,000","24,875,000"
TaxRateForCalcs,"0.224","0.4","0.015","0.27","0.27","0.358","0.27","0.09","0.081","0.27","0.27","0.27","0.27","0.27","0.193","0.201"
TaxEffectOfUnusualItems,"-2,116,206.354","-189,600","-73,725","-625,050","-475,200","-192,246","-12,690","-407,061.524","-267,381","-774,900","-2,039,580","-2,002,860","-2,715,390","-1,217,970","-648,866","-648,077.872"