name,ttm,03/31/2022,12/31/2021,09/30/2021,06/30/2021,03/31/2021,12/31/2020,09/30/2020,06/30/2020,03/31/2020,12/31/2019,09/30/2019,06/30/2019,03/31/2019,12/31/2018,09/30/2018,06/30/2018,03/31/2018,12/31/2017,09/30/2017,06/30/2017,03/31/2017,12/31/2016,09/30/2016,06/30/2016,03/31/2016,12/31/2015,09/30/2015,06/30/2015,03/31/2015,12/31/2014,09/30/2014,06/30/2014,03/31/2014,12/31/2013,09/30/2013,06/30/2013,03/31/2013,12/31/2012,09/30/2012,06/30/2012,03/31/2012,12/31/2011,09/30/2011,06/30/2011,03/31/2011,12/31/2010,09/30/2010,06/30/2010,03/31/2010,12/31/2009,09/30/2009,06/30/2009,03/31/2009,12/31/2008,09/30/2008,06/30/2008,03/31/2008,12/31/2007,09/30/2007,06/30/2007,03/31/2007,12/31/2006,09/30/2006,06/30/2006,03/31/2006,12/31/2005,09/30/2005,06/30/2005,03/31/2005,12/31/2004,09/30/2004,06/30/2004,03/31/2004
TotalRevenue,"244,713,000","56,221,000","59,135,000","58,370,000","70,987,000","63,273,000","64,169,000","60,544,000","42,546,000","61,175,000","68,334,000","64,490,000","68,234,000","63,311,000","60,206,000","56,266,000","59,152,000","55,587,000","52,628,000","49,676,000","52,919,000","52,144,000","50,043,000","49,800,000","48,460,000","44,461,000","41,392,000","43,871,000","48,454,000","47,004,000","44,732,000","41,354,000","39,564,000","34,945,000","32,337,000","29,766,000","28,821,000","26,474,000","25,309,000","23,293,000","22,907,000","21,205,000","19,718,000","18,660,000","21,707,000","20,152,000","18,756,000","18,165,000","18,015,000","16,519,000","15,097,000","15,198,000","15,695,000","15,115,000",,,,,"0",,"55,647,000","2,925,000","5,387,000","3,679,000","4,045,000","2,877,000","110,000","111,000","110,000","110,000","209,000","208,000","209,000","208,000"
	OperatingRevenue,"244,713,000","56,221,000","59,135,000","58,370,000","70,987,000","63,273,000","64,169,000","60,544,000","42,546,000","61,175,000","68,334,000","64,490,000","68,234,000","63,311,000","60,206,000","56,266,000","59,152,000","55,587,000","52,628,000","49,676,000","52,919,000","52,144,000","50,043,000","49,800,000","48,460,000","44,461,000","41,392,000","43,871,000","48,454,000","47,004,000","44,732,000","41,354,000","39,564,000","34,945,000","32,337,000","29,766,000","28,821,000","26,474,000","25,309,000","23,293,000","22,907,000","21,205,000","19,718,000","18,660,000","21,707,000","20,152,000","18,756,000","18,165,000","18,015,000","16,519,000","15,097,000","15,198,000","15,695,000","15,115,000",,,,,"0",,"55,647,000","2,925,000","5,387,000","3,679,000","4,045,000","2,877,000","110,000","111,000","110,000","110,000","209,000","208,000","209,000","208,000"
CostOfRevenue,"67,805,000","14,790,000","18,073,000","14,308,000","20,634,000","14,013,000","13,920,000","12,564,000","10,144,000","12,225,000","13,718,000","12,672,000","13,462,000","12,166,000","11,477,000","10,575,000","10,814,000","9,969,000","9,499,000","9,202,000","9,673,000","11,139,000","9,163,000","9,466,000","9,854,000","8,725,000","8,071,000","8,771,000","10,873,000","10,416,000","9,346,000","8,885,000","9,115,000","7,749,000","7,313,000","6,864,000","6,929,000","6,241,000","5,958,000","5,254,000","5,178,000","5,132,000","4,560,000","4,346,000","4,214,000","3,949,000","3,972,000","4,141,000","4,153,000","3,847,000","3,515,000","3,488,000","4,240,000","3,920,000",,,,,,,,,,,,,,,,,,,,
GrossProfit,"176,908,000","41,431,000","41,062,000","44,062,000","50,353,000","49,260,000","50,249,000","47,980,000","32,402,000","48,950,000","54,616,000","51,818,000","54,772,000","51,145,000","48,729,000","45,691,000","48,338,000","45,618,000","43,129,000","40,474,000","43,246,000","41,005,000","40,880,000","40,334,000","38,606,000","35,736,000","33,321,000","35,100,000","37,581,000","36,588,000","35,386,000","32,469,000","30,449,000","27,196,000","25,024,000","22,902,000","21,892,000","20,233,000","19,351,000","18,039,000","17,729,000","16,073,000","15,158,000","14,314,000","17,493,000","16,203,000","14,784,000","14,024,000","13,862,000","12,672,000","11,582,000","11,710,000","11,455,000","11,195,000",,,,,,,,,,,,,,,,,,,,
OperatingExpense,"208,138,000","51,078,000","49,621,000","52,177,000","55,262,000","54,909,000","49,966,000","49,638,000","47,132,000","51,685,000","57,990,000","57,751,000","53,520,000","50,638,000","48,345,000","48,659,000","44,566,000","45,129,000","43,404,000","42,226,000","42,244,000","42,764,000","39,798,000","42,201,000","43,590,000","48,086,000","48,464,000","48,336,000","46,233,000","47,131,000","40,638,000","40,659,000","40,003,000","36,789,000","32,519,000","29,749,000","28,573,000","25,643,000","24,473,000","23,245,000","21,715,000","19,794,000","18,817,000","17,414,000","18,399,000","18,195,000","16,801,000","17,918,000","18,154,000","18,841,000","18,093,000","17,637,000","17,023,000","17,681,000","3,819,000","10,451,000","19,110,000","9,570,000","18,068,000","13,639,000","11,644,000","12,982,000","16,519,000","11,041,000","12,000,000","10,923,000",,,,,,,,
	SellingGeneralAndAdministration,"169,646,000","41,680,000","40,402,000","41,851,000","45,713,000","41,442,000","40,061,000","40,282,000","34,966,000","41,384,000","46,867,000","46,752,000","43,995,000","41,356,000","41,107,000","41,242,000","37,847,000","37,796,000","37,008,000","35,918,000","35,905,000","37,332,000","33,993,000","36,866,000","37,551,000","42,338,000","41,258,000","41,395,000","38,270,000","39,354,000","32,553,000","33,507,000","33,727,000","31,428,000","27,468,000","25,371,000","24,627,000","21,650,000","20,418,000","20,023,000","18,474,000","16,809,000","15,733,000","15,350,000","15,775,000","16,415,000","14,687,000","15,496,000","15,297,000","16,382,000","15,912,000","14,856,000","14,196,000","14,253,000","3,219,000","5,671,000","4,666,000","1,952,000","3,217,000","2,988,000","3,280,000","3,536,000","3,511,000","3,864,000","2,859,000","1,953,000",,,,,,,,
		SellingAndMarketingExpense,,,,,,,,,,,,"46,752,000","43,995,000","41,356,000","41,107,000","41,242,000","37,847,000","37,796,000","37,008,000","35,918,000","35,905,000","37,332,000","33,993,000","36,866,000","37,551,000","42,338,000","41,258,000","41,395,000","38,270,000","39,354,000","32,553,000","33,507,000","33,727,000","31,428,000","27,468,000","25,371,000","24,627,000","21,650,000","20,418,000",,,,,,,,,,,,,,,,,,,,,,,,,,,,,,,,,,,
	ResearchAndDevelopment,"37,192,000","9,052,000","8,873,000","10,022,000","9,245,000","13,163,000","9,601,000","9,052,000","11,840,000","9,964,000","10,786,000","10,765,000","9,525,000","9,282,000","7,238,000","7,417,000","6,719,000","7,333,000","6,396,000","6,308,000","6,339,000","5,432,000","5,805,000","5,335,000","6,039,000","5,748,000","7,206,000","6,941,000","7,963,000","7,777,000","8,085,000","7,152,000","6,276,000","5,361,000","5,051,000","4,378,000","3,946,000","3,993,000","4,055,000","3,222,000","3,241,000","2,985,000","3,084,000","2,064,000","2,624,000","1,780,000","2,114,000","2,422,000","2,857,000","2,459,000","2,181,000","2,781,000","2,827,000","3,428,000","600,000","4,780,000","14,444,000","7,618,000","14,851,000","10,651,000","8,364,000","9,446,000","13,008,000","7,177,000","9,141,000","8,970,000",,,,,,,,
	DepreciationAmortizationDepletionIncomeStatement,"1,300,000","346,000","346,000","304,000","304,000","304,000","304,000","304,000","326,000","337,000","337,000","234,000",,,,,,,,,,,,,,,,,,,,,,,,,,,,,,,,,,,,,,,,,,,,,,,,,,,,,,,,,,,,,,
		DepreciationAndAmortizationInIncomeStatement,"1,300,000","346,000","346,000","304,000","304,000","304,000","304,000","304,000","326,000","337,000","337,000","234,000",,,,,,,,,,,,,,,,,,,,,,,,,,,,,,,,,,,,,,,,,,,,,,,,,,,,,,,,,,,,,,
			Amortization,"1,300,000","346,000","346,000","304,000","304,000","304,000","304,000","304,000","326,000","337,000","337,000","234,000",,,,,,,,,,,,,,,,,,,,,,,,,,,,,,,,,,,,,,,,,,,,,,,,,,,,,,,,,,,,,,
				AmortizationOfIntangiblesIncomeStatement,"1,300,000","346,000","346,000","304,000","304,000","304,000","304,000","304,000","326,000","337,000","337,000","234,000",,,,,,,,,,,,,,,,,,,,,,,,,,,,,,,,,,,,,,,,,,,,,,,,,,,,,,,,,,,,,,
OperatingIncome,"-31,230,000","-9,647,000","-8,559,000","-8,115,000","-4,909,000","-5,649,000","283,000","-1,658,000","-14,730,000","-2,735,000","-3,374,000","-5,933,000","1,252,000","507,000","384,000","-2,968,000","3,772,000","489,000","-275,000","-1,752,000","1,002,000","-1,759,000","1,082,000","-1,867,000","-4,984,000","-12,350,000","-15,143,000","-13,236,000","-8,652,000","-10,543,000","-5,252,000","-8,190,000","-9,554,000","-9,593,000","-7,495,000","-6,847,000","-6,681,000","-5,410,000","-5,122,000","-5,206,000","-3,986,000","-3,721,000","-3,659,000","-3,100,000","-906,000","-1,992,000","-2,017,000","-3,894,000","-4,292,000","-6,169,000","-6,511,000","-5,927,000","-5,568,000","-6,486,000","-3,819,000","-10,451,000","-19,110,000","-9,570,000","-18,068,000","-13,639,000","44,003,000","-10,057,000","-11,132,000","-7,362,000","-7,955,000","-8,046,000","-34,399,000","111,000","110,000","110,000","-19,067,000","208,000","209,000","208,000"
NetNonOperatingInterestIncomeExpense,"-973,000","52,000","-345,000","-367,000","-313,000","-292,000","-276,000","-355,000","-334,000","-107,000","17,000","191,000","255,000","251,000","141,000","113,000","-2,000","-91,000","-105,000","-192,000",,,,,"35,000","10,000","-20,000","-25,000","0","-1,000","-6,000","-16,000","-113,000","-88,000","-559,000","-274,000","-293,000","-323,000","-339,000","-4,000","-366,000","-363,000","-278,000","-343,000","-296,000","-317,000","-334,000","-358,000","-203,000","-283,000","-274,000","-371,000","-319,000","-800,000",,,,,,,,,,,,,,,,,,,,
	InterestIncomeNonOperating,"666,000","460,000","64,000","43,000","99,000","120,000","136,000","144,000","166,000","394,000","517,000","663,000","673,000","671,000","563,000","537,000","424,000","338,000","325,000","240,000",,,,,,,,,,,,,,"15,000","5,000","7,000","9,000","4,000","6,000",,"2,000","1,000","1,000","1,000","-1,000","2,000","4,000","7,000","157,000","58,000","89,000","98,000","200,000","171,000",,,,,,,,,,,,,,,,,,,,
	InterestExpenseNonOperating,"1,639,000","408,000","409,000","410,000","412,000","412,000","412,000","499,000","500,000","501,000","500,000","472,000","418,000","420,000","422,000","424,000","426,000","429,000","430,000","432,000",,,,,,,,,"0","1,000","6,000","16,000","86,000","103,000","564,000","281,000","302,000","327,000","345,000","4,000","368,000","364,000","279,000","344,000","295,000","319,000","338,000","365,000","360,000","341,000","363,000","371,000","519,000","971,000",,,,,,,,,,,,,,,,,,,,
	TotalOtherFinanceCost,,,,,,,,,,,,,,,,,,,,,,,,,"-88,000","-10,000","20,000","25,000","17,000","113,000","21,000","34,000","74,000","119,000","1,163,000","445,000","160,000","809,000","645,000",,,,,"759,000","1,577,000",,"-27,000",,,,,,,,,,,,,,,,,,,,,,,,,,,
OtherIncomeExpense,,"52,000",,,"-313,000",,,"-355,000","-334,000","-107,000","17,000","191,000","255,000","251,000","141,000","113,000","-2,000",,"-105,000","-192,000","-93,000","28,000","-15,000","33,000","65,000","-10,376,000",,,"-17,000","-112,000","-15,000","-18,000","39,000","-31,000","-604,000","-171,000","133,000","-486,000","-306,000",,"-253,000","-107,000","-198,000","-416,000",,"-75,000","361,000","-16,000","94,000","-66,000",,"98,000","250,000","3,457,000","297,000","537,000","380,000","612,000",,,,"1,505,000",,,,,,,,,,,,
	GainOnSaleOfSecurity,,,,,,,,,,,,,,,,,,,,,,,,,,,,,,,,,"0",,,"-61,000","162,000","96,000","-276,000",,,,,,,,,,,,,,,"300,000",,,,,,,,,,,,,,,,,,,,
	SpecialIncomeCharges,,,,,,,,,,,,,,,,,,,,,"0","0",,,"12,000","-10,376,000",,,,,,,,,,,,,,,"-253,000","-107,000","-198,000","-416,000",,"-75,000","361,000","-16,000","-56,000","-66,000","0","98,000","-1,683,000","3,157,000","297,000","537,000","380,000","612,000",,,,"1,505,000",,,,,,,,,,,,
		RestructuringAndMergernAcquisition,,,,,,,,,,,,,,,,,,,,,"0","0",,,"-12,000","2,376,000",,,,,,,,,,,,,,,,,,,,,,,,,,,,,,,,,,,,,,,,,,,,,,,,
		ImpairmentOfCapitalAssets,,,,,,,,,,,,,,,,,,,,,,,,,,,,,,,,,,,,,,,,,,,,,,,,,,,"0",,,,,,,,,,,,,,,,,,,,,,,
		OtherSpecialCharges,,,,,,,,,,,,,,,,,,,,,,,,,"0","8,000,000",,,,,,,,,,,,,,,,,,,,,,,,,,,,,,,,,,,,,,,,,,,,,,,,
	OtherNonOperatingIncomeExpenses,,"52,000",,,"-313,000",,,"-355,000","-334,000","-107,000","17,000","191,000","255,000","251,000","141,000","113,000","-2,000",,"-105,000","-192,000","-93,000","28,000","-15,000","33,000",,,,,"-17,000","-112,000","-15,000","-18,000","39,000","-31,000","-604,000","-110,000","-29,000","-582,000","-30,000",,,,,,,,,,,,,,,,,,,,,,,,,,,,,,,,,,,
PretaxIncome,"-32,203,000","-9,595,000","-8,904,000","-8,482,000","-5,222,000","-5,941,000","7,000","-2,013,000","-15,064,000","-2,842,000","-3,357,000","-5,742,000","1,507,000","758,000","525,000","-2,855,000","3,770,000","398,000","-380,000","-1,944,000","792,000","-1,731,000","1,067,000","-1,834,000","-4,884,000","-22,716,000","-15,163,000","-13,261,000","-8,669,000","-10,656,000","-5,273,000","-8,224,000","-9,628,000","-9,712,000","-8,658,000","-7,292,000","-6,841,000","-6,219,000","-5,767,000",,,,,,,,,,,,,,,"-3,829,000",,,,,,,,,,,,"-7,702,000",,,,,,,,
TaxProvision,"325,000","63,000","63,000","136,000","63,000","63,000","63,000","63,000","102,000","47,000","44,000","38,000","38,000","86,000","33,000","33,000","33,000","33,000","33,000","33,000","20,000","18,000","24,000","24,000",,,,,,,,,,,,,,,,,,,,,,,,,,,,,,,,,,,,,,,,,,,,,,,,,,
NetIncomeCommonStockholders,"-32,528,000","-9,658,000","-8,967,000","-8,618,000","-5,285,000","-6,004,000","-56,000","-2,076,000","-15,166,000","-2,889,000","-3,401,000","-5,780,000","1,469,000","669,000","489,000","-2,888,000","3,718,000","360,000","-413,000","-1,977,000","772,000","-1,749,000","1,025,000","-1,858,000","-4,884,000","-22,716,000","-15,163,000","-13,261,000","-8,669,000","-10,656,000","-5,273,000","-8,224,000","-9,628,000","-9,712,000","-8,658,000","-7,292,000","-6,841,000","-6,219,000","-5,767,000","-5,210,000","-4,605,000","-4,191,000","-4,135,000","-3,859,000","-2,483,000","-2,384,000","-1,990,000","-4,268,000","-4,401,000","-6,518,000","-6,785,000","-6,200,000","-5,637,000","21,949,000","-3,522,000","-9,914,000","-18,730,000","-8,958,000","-16,943,000","-12,303,000","45,490,000","-8,552,000","-9,617,000","-5,807,000","-8,862,000","-10,355,000","-15,608,000","-8,417,000","-8,418,000","-8,417,000","-8,370,000","-4,809,000","-4,810,000","-4,810,000"
	NetIncome,"-32,528,000","-9,658,000","-8,967,000","-8,618,000","-5,285,000","-6,004,000","-56,000","-2,076,000","-15,166,000","-2,889,000","-3,401,000","-5,780,000","1,469,000","672,000","492,000","-2,888,000","3,737,000","365,000","-413,000","-1,977,000","772,000","-1,749,000","1,043,000","-1,858,000","-4,884,000","-22,716,000","-15,163,000","-13,261,000","-8,669,000","-10,656,000","-5,273,000","-8,224,000","-9,628,000","-9,712,000","-8,658,000","-7,292,000","-6,841,000","-6,219,000","-5,767,000","-5,210,000","-4,605,000","-4,191,000","-4,135,000","-3,859,000","-2,483,000","-2,384,000","-1,990,000","-4,268,000","-4,401,000","-6,518,000","-6,785,000","-6,200,000","17,144,000","-3,829,000","-3,522,000","-9,914,000","-18,730,000","-8,958,000","-16,943,000","-12,303,000","45,490,000","-8,552,000","-9,617,000","-5,722,000","-6,208,000","-7,702,000","-8,417,000","-8,417,000","-8,418,000","-8,417,000","-4,810,000","-4,809,000","-4,810,000","-4,810,000"
		NetIncomeIncludingNoncontrollingInterests,"-32,528,000","-9,658,000","-8,967,000","-8,618,000","-5,285,000","-6,004,000","-56,000","-2,076,000","-15,166,000","-2,889,000","-3,401,000","-5,780,000","1,469,000","672,000","492,000","-2,888,000","3,737,000","365,000","-413,000","-1,977,000","772,000","-1,749,000","1,043,000","-1,858,000","-4,884,000","-22,716,000","-15,163,000","-13,261,000","-8,669,000","-10,656,000","-5,273,000","-8,224,000","-9,628,000","-9,712,000","-8,658,000","-7,292,000","-6,841,000","-6,219,000","-5,767,000","-5,210,000","-4,605,000","-4,191,000","-4,135,000","-3,859,000","-2,483,000","-2,384,000","-1,990,000","-4,268,000","-4,401,000","-6,518,000","-6,785,000","-6,200,000","17,144,000","-3,829,000","-3,522,000","-9,914,000","-18,730,000","-8,958,000","-16,943,000","-12,303,000","45,490,000","-8,552,000","-9,617,000","-5,722,000","-6,208,000","-7,702,000","-8,417,000","-8,417,000","-8,418,000","-8,417,000","-4,810,000","-4,809,000","-4,810,000","-4,810,000"
			NetIncomeContinuousOperations,"-32,528,000","-9,658,000","-8,967,000","-8,618,000","-5,285,000","-6,004,000","-56,000","-2,076,000","-15,166,000","-2,889,000","-3,401,000","-5,780,000","1,469,000","672,000","492,000","-2,888,000","3,737,000","365,000","-413,000","-1,977,000","772,000","-1,749,000","1,043,000","-1,858,000","-4,884,000","-22,716,000","-15,163,000","-13,261,000","-8,669,000","-10,656,000","-5,273,000","-8,224,000","-9,628,000","-9,712,000","-8,658,000","-7,292,000","-6,841,000","-6,219,000","-5,767,000","-5,210,000","-4,605,000","-4,191,000","-4,135,000","-3,859,000","-2,483,000","-2,384,000","-1,990,000","-4,268,000","-4,401,000","-6,518,000","-6,785,000","-6,200,000","17,144,000","-3,829,000","-3,522,000","-9,914,000","-18,730,000","-8,958,000","-16,943,000","-12,303,000","45,490,000","-8,552,000","-9,617,000","-5,722,000","-6,208,000","-7,702,000","-8,417,000","-8,417,000","-8,418,000","-8,417,000","-4,810,000","-4,809,000","-4,810,000","-4,810,000"
	PreferredStockDividends,,,,,,,,,,,,,,,,,,,,,,,,,,,,,,,,,,,,,,,,,,,,,,,,,,,,,,"-25,778,000",,,,,,,,,"0","85,000","2,654,000","2,653,000",,,,,,,,
	OtherunderPreferredStockDividend,,"0",,,,,,,"0","0",,,"0","3,000","3,000",,"19,000","5,000","0",,,,"18,000",,,,,,,,,,,,,,,,,,,,,,,,,,,,,,,,,,,,,,,,,,,,,,,,,,,
DilutedNIAvailtoComStockholders,"-32,528,000","-9,658,000","-8,967,000","-8,618,000","-5,285,000","-6,004,000","-56,000","-2,076,000","-15,166,000","-2,889,000","-3,401,000","-5,780,000","1,469,000","669,000","489,000","-2,888,000","3,718,000","360,000","-413,000","-1,977,000","772,000","-1,749,000","1,025,000","-1,858,000","-4,884,000","-22,716,000","-15,163,000","-13,261,000","-8,669,000","-10,656,000","-5,273,000","-8,224,000","-9,628,000","-9,712,000","-8,658,000","-7,292,000","-6,841,000","-6,219,000","-5,767,000","-5,210,000","-4,605,000","-4,191,000","-4,135,000","-3,859,000","-2,483,000","-2,384,000","-1,990,000","-4,268,000","-4,401,000","-6,518,000","-6,785,000","-6,200,000","-5,637,000","21,949,000","-3,522,000","-9,914,000","-18,730,000","-8,958,000","-16,943,000","-12,303,000","45,490,000","-8,552,000","-9,617,000","-5,807,000","-8,862,000","-10,355,000","-15,608,000","-8,417,000","-8,418,000","-8,417,000","-8,370,000","-4,809,000","-4,810,000","-4,810,000"
BasicEPS,,"-0.25","-0.23","-0.22","-0.14","-0.15","-0.001","-0.05","-0.43","-0.08","-0.1","-0.17","0.04","0.02","0.01","-0.09","0.11","0.01","-0.01","-0.06","0.02","-0.05","0.03","-0.06","-0.15","-0.69","-0.47","-0.41","-0.27","-0.34","-0.17","-0.26","-0.31","-0.32","-0.32","-0.29","-0.28","-0.29","-0.28","-0.26","-0.24","-0.23","-0.23","-0.22","-0.15","-0.15","-0.13","-0.28",,"-0.44","-0.46","-0.43",,"2.63",,"-3.7","-6.9","-3.3",,"-4.6","17.1","-3.2",,"-2.3","-57.9","-72.1",,,,"-392",,,,"-305.5"
DilutedEPS,,"-0.25","-0.23","-0.22","-0.14","-0.15","-0.001","-0.05","-0.43","-0.08","-0.1","-0.17","0.04","0.02","0.01","-0.09","0.11","0.01","-0.01","-0.06","0.02","-0.05","0.03","-0.06","-0.15","-0.69","-0.47","-0.41","-0.27","-0.34","-0.17","-0.26","-0.31","-0.32","-0.32","-0.29","-0.28","-0.29","-0.28","-0.26","-0.24","-0.23","-0.23","-0.22","-0.15","-0.15","-0.13","-0.28",,"-0.44","-0.46","-0.43",,"-0.32",,"-3.7","-6.9","-3.3",,"-4.6","16.5","-3.2",,"-2.3","-57.9","-72.1",,,,"-392",,,,"-305.5"
BasicAverageShares,,"39,287,632","39,199,593","39,087,472","38,926,490","38,911,454","38,808,980","38,683,839","35,021,360","34,149,561","34,069,412","33,870,224","33,612,210","33,600,148","33,507,843","33,425,065","33,265,475","33,237,552","33,112,138","32,968,712","32,731,834","32,650,974","32,189,981","32,985,081","32,677,690","32,711,341","32,553,991","32,210,874","31,752,184","31,644,522","31,487,358","31,311,110","30,959,038","30,368,685","27,177,952","24,751,368","24,181,465","21,488,879","20,699,222","20,397,004","18,909,220","17,977,819","17,781,326","17,486,941","16,329,850","16,146,667","15,827,046","15,369,157",,"14,878,859","14,651,641","14,516,843",,"8,343,660",,"2,708,200","2,702,900","2,701,800",,"2,678,000","2,667,688","2,662,076",,"2,574,788","153,096","143,572",,,,"21,472",,,,"15,745"
DilutedAverageShares,,"39,287,632","39,199,593","39,087,472","38,926,490","38,911,454","38,808,980","38,683,839","35,021,360","34,149,561","34,069,412","33,870,224","34,421,097","34,241,432","34,120,639","33,425,065","33,716,995","33,641,804","33,112,138","32,968,712","33,357,782","32,650,974","32,804,305","32,985,081","32,677,690","32,711,341","32,553,991","32,210,874","31,752,184","31,644,522","31,487,358","31,311,110","30,959,038","30,368,685","27,177,952","24,751,368","24,181,465","21,488,879","20,699,222","20,397,004","18,909,220","17,977,819","17,781,326","17,486,941","16,329,850","16,146,667","15,827,046","15,369,157",,"14,878,859","14,651,641","14,516,843",,"12,048,581",,"2,708,200","2,702,900","2,701,800",,"2,678,000","2,765,081","2,662,076",,"2,574,788","153,096","143,572",,,,"21,472",,,,"15,745"
TotalOperatingIncomeAsReported,"-31,230,000","-9,647,000","-8,559,000","-8,115,000","-4,909,000","-5,649,000","283,000","-1,658,000","-14,730,000","-2,735,000","-3,374,000","-5,933,000","1,252,000","507,000","384,000","-2,968,000","3,772,000","489,000","-275,000","-1,752,000","1,002,000","-1,759,000","1,082,000","-1,867,000","-4,972,000","-22,726,000","-15,143,000","-13,236,000","-8,652,000","-10,543,000","-5,252,000","-8,190,000","-9,554,000","-9,593,000","-7,495,000","-6,847,000","-6,681,000","-5,410,000","-5,122,000","-5,206,000","-3,986,000","-3,721,000","-3,659,000","-3,100,000","-906,000","-1,992,000","-2,017,000","-3,894,000","-4,292,000","-6,169,000","-6,511,000","-5,927,000","-5,568,000","-6,486,000","-3,819,000","-10,451,000","-19,110,000","-9,570,000","-18,068,000","-13,639,000","44,003,000","-10,057,000","-11,132,000","-7,362,000","-7,955,000","-8,046,000",,,,,,,,
TotalExpenses,"275,943,000","65,868,000","67,694,000","66,485,000","75,896,000","68,922,000","63,886,000","62,202,000","57,276,000","63,910,000","71,708,000","70,423,000","66,982,000","62,804,000","59,822,000","59,234,000","55,380,000","55,098,000","52,903,000","51,428,000","51,917,000","53,903,000","48,961,000","51,667,000","53,444,000","56,811,000","56,535,000","57,107,000","57,106,000","57,547,000","49,984,000","49,544,000","49,118,000","44,538,000","39,832,000","36,613,000","35,502,000","31,884,000","30,431,000","28,499,000","26,893,000","24,926,000","23,377,000","21,760,000","22,613,000","22,144,000","20,773,000","22,059,000","22,307,000","22,688,000","21,608,000","21,125,000","21,263,000","21,601,000","3,819,000","10,451,000","19,110,000","9,570,000","18,068,000","13,639,000","11,644,000","12,982,000","16,519,000","11,041,000","12,000,000","10,923,000",,,,,,,,
NetIncomeFromContinuingAndDiscontinuedOperation,"-32,528,000","-9,658,000","-8,967,000","-8,618,000","-5,285,000","-6,004,000","-56,000","-2,076,000","-15,166,000","-2,889,000","-3,401,000","-5,780,000","1,469,000","672,000","492,000","-2,888,000","3,737,000","365,000","-413,000","-1,977,000","772,000","-1,749,000","1,043,000","-1,858,000","-4,884,000","-22,716,000","-15,163,000","-13,261,000","-8,669,000","-10,656,000","-5,273,000","-8,224,000","-9,628,000","-9,712,000","-8,658,000","-7,292,000","-6,841,000","-6,219,000","-5,767,000","-5,210,000","-4,605,000","-4,191,000","-4,135,000","-3,859,000","-2,483,000","-2,384,000","-1,990,000","-4,268,000","-4,401,000","-6,518,000","-6,785,000","-6,200,000","17,144,000","-3,829,000","-3,522,000","-9,914,000","-18,730,000","-8,958,000","-16,943,000","-12,303,000","45,490,000","-8,552,000","-9,617,000","-5,722,000","-6,208,000","-7,702,000","-8,417,000","-8,417,000","-8,418,000","-8,417,000","-4,810,000","-4,809,000","-4,810,000","-4,810,000"
NormalizedIncome,"-32,528,000","-9,658,000","-8,967,000","-8,618,000","-5,285,000","-6,004,000","-56,000","-2,076,000","-15,166,000","-2,889,000","-3,401,000","-5,780,000","1,469,000","672,000","492,000","-2,888,000","3,737,000","365,000","-413,000","-1,977,000","772,000","-1,749,000","1,043,000","-1,858,000","-4,896,000","-12,340,000","-15,163,000","-13,261,000","-8,669,000","-10,656,000","-5,273,000","-8,224,000","-9,628,000","-9,712,000","-8,658,000","-7,231,000","-7,003,000","-6,315,000","-5,491,000","-5,210,000","-4,440,550","-4,121,450","-4,006,300","-3,588,600","-2,483,000","-2,335,250","-2,224,650","-4,257,600","-4,462,100","-6,475,100","-6,785,000","-6,263,700","16,981,500","-7,286,000","-3,715,050","-10,263,050","-18,977,000","-9,355,800","-16,943,000","-12,303,000","45,490,000","-9,530,250","-9,617,000","-5,722,000","-6,208,000","-7,702,000","-8,417,000","-8,417,000","-8,418,000","-8,417,000","-4,810,000","-4,809,000","-4,810,000","-4,810,000"
InterestIncome,"666,000","460,000","64,000","43,000","99,000","120,000","136,000","144,000","166,000","394,000","517,000","663,000","673,000","671,000","563,000","537,000","424,000","338,000","325,000","240,000",,,,,,,,,,,,,,"15,000","5,000","7,000","9,000","4,000","6,000",,"2,000","1,000","1,000","1,000","-1,000","2,000","4,000","7,000","157,000","58,000","89,000","98,000","200,000","171,000",,,,,,,,,,,,,,,,,,,,
InterestExpense,"1,639,000","408,000","409,000","410,000","412,000","412,000","412,000","499,000","500,000","501,000","500,000","472,000","418,000","420,000","422,000","424,000","426,000","429,000","430,000","432,000",,,,,,,,,"0","1,000","6,000","16,000","86,000","103,000","564,000","281,000","302,000","327,000","345,000","4,000","368,000","364,000","279,000","344,000","295,000","319,000","338,000","365,000","360,000","341,000","363,000","371,000","519,000","971,000",,,,,,,,,,,,,,,,,,,,
NetInterestIncome,"-973,000","52,000","-345,000","-367,000","-313,000","-292,000","-276,000","-355,000","-334,000","-107,000","17,000","191,000","255,000","251,000","141,000","113,000","-2,000","-91,000","-105,000","-192,000",,,,,"35,000","10,000","-20,000","-25,000","0","-1,000","-6,000","-16,000","-113,000","-88,000","-559,000","-274,000","-293,000","-323,000","-339,000","-4,000","-366,000","-363,000","-278,000","-343,000","-296,000","-317,000","-334,000","-358,000","-203,000","-283,000","-274,000","-371,000","-319,000","-800,000",,,,,,,,,,,,,,,,,,,,
EBIT,"-30,564,000","-9,187,000","-8,495,000","-8,072,000","-4,810,000","-5,529,000","419,000","-1,514,000","-14,564,000","-2,341,000","-2,857,000","-5,270,000","1,925,000","1,178,000","947,000","-2,431,000","4,196,000","827,000","50,000","-1,512,000","1,338,000","-1,759,000","1,082,000","-1,867,000","-15,295,000","-12,350,000","-15,143,000","-13,236,000","-8,669,000","-10,655,000","-5,267,000","-8,208,000","-9,542,000","-9,609,000","-8,094,000","-7,011,000","-6,539,000","-5,892,000","-5,422,000","-5,206,000","-3,986,000","-3,721,000","-3,659,000","-3,100,000","-906,000","-1,992,000","-2,017,000","-3,894,000","-4,292,000","-6,169,000","-6,511,000","-5,927,000","-9,806,000","-2,858,000","-3,819,000","-10,451,000","-19,110,000","-9,570,000","-18,068,000","-13,639,000","44,003,000","-10,057,000","-11,132,000","-7,362,000","-7,955,000","-8,046,000","-34,399,000","111,000","110,000","110,000","-19,067,000","208,000","209,000","208,000"
EBITDA,"-25,564,000"
ReconciledCostOfRevenue,"64,105,000","13,850,000","17,132,000","13,354,000","19,769,000","13,261,000","13,166,000","11,839,000","9,443,000","11,474,000","12,965,000","11,932,000","13,462,000","12,166,000","11,477,000","10,575,000","10,814,000","9,969,000","9,499,000","9,202,000","9,673,000","11,139,000","9,163,000","9,466,000","9,854,000","8,725,000","8,071,000","8,771,000","10,873,000","10,416,000","9,346,000","8,885,000","9,115,000","7,749,000","7,313,000","6,864,000","6,929,000","6,241,000","5,958,000","5,254,000","5,178,000","5,132,000","4,560,000","4,346,000","4,214,000","3,949,000","3,972,000","4,141,000","4,153,000","3,847,000","3,515,000","3,488,000","4,240,000","3,920,000",,,,,,,,,,,,,,,,,,,,
ReconciledDepreciation,"5,000,000","1,286,000","1,287,000","1,258,000","1,169,000","1,056,000","1,058,000","1,029,000","1,027,000","1,088,000","1,090,000","974,000","829,000","932,000","884,000","801,000","1,007,000","939,000","994,000","994,000","1,203,000","992,000","983,000","957,000","1,189,000","918,000","923,000","887,000","1,029,000","541,000","384,000","367,000","472,000","316,000","286,000","293,000","335,000","135,000","265,000","238,000","196,000","228,000","227,000","221,000","198,000","181,000","173,000","164,000","165,000","156,000","143,000","136,000","138,000",,"120,000","157,000","409,000","231,000","1,063,000","380,000","391,000","419,000","260,000","-277,000","328,000","372,000",,,,,,,,
NetIncomeFromContinuingOperationNetMinorityInterest,"-32,528,000","-9,658,000","-8,967,000","-8,618,000","-5,285,000","-6,004,000","-56,000","-2,076,000","-15,166,000","-2,889,000","-3,401,000","-5,780,000","1,469,000","672,000","492,000","-2,888,000","3,737,000","365,000","-413,000","-1,977,000","772,000","-1,749,000","1,043,000","-1,858,000","-4,884,000","-22,716,000","-15,163,000","-13,261,000","-8,669,000","-10,656,000","-5,273,000","-8,224,000","-9,628,000","-9,712,000","-8,658,000","-7,292,000","-6,841,000","-6,219,000","-5,767,000","-5,210,000","-4,605,000","-4,191,000","-4,135,000","-3,859,000","-2,483,000","-2,384,000","-1,990,000","-4,268,000","-4,401,000","-6,518,000","-6,785,000","-6,200,000","17,144,000","-3,829,000","-3,522,000","-9,914,000","-18,730,000","-8,958,000","-16,943,000","-12,303,000","45,490,000","-8,552,000","-9,617,000","-5,722,000","-6,208,000","-7,702,000","-8,417,000","-8,417,000","-8,418,000","-8,417,000","-4,810,000","-4,809,000","-4,810,000","-4,810,000"
TotalUnusualItemsExcludingGoodwill,,,,,,,,,,,,,,,,,,,,,"0","0",,,"12,000","-10,376,000",,,,,,,"0",,,"-61,000","162,000","96,000","-276,000",,"-253,000","-107,000","-198,000","-416,000",,"-75,000","361,000","-16,000","94,000","-66,000","0","98,000","250,000","3,457,000","297,000","537,000","380,000","612,000",,,,"1,505,000",,,,,,,,,,,,
TotalUnusualItems,,,,,,,,,,,,,,,,,,,,,"0","0",,,"12,000","-10,376,000",,,,,,,"0",,,"-61,000","162,000","96,000","-276,000",,"-253,000","-107,000","-198,000","-416,000",,"-75,000","361,000","-16,000","94,000","-66,000","0","98,000","250,000","3,457,000","297,000","537,000","380,000","612,000",,,,"1,505,000",,,,,,,,,,,,
NormalizedEBITDA,"-25,564,000","-7,901,000","-7,208,000","-6,814,000","-3,641,000","-4,473,000","1,477,000","-485,000","-13,537,000","-1,253,000","-1,767,000","-4,296,000","2,754,000","2,110,000","1,831,000","-1,630,000","5,203,000","1,766,000","1,044,000","-518,000","2,541,000","-767,000","2,065,000","-910,000","-14,118,000","-1,056,000","-14,220,000","-12,349,000","-7,640,000","-10,114,000","-4,883,000","-7,841,000","-9,070,000","-9,293,000","-7,808,000","-6,657,000","-6,366,000","-5,853,000","-4,881,000","-4,968,000","-3,537,000","-3,386,000","-3,234,000","-2,463,000","-708,000","-1,736,000","-2,205,000","-3,714,000","-4,221,000","-5,947,000","-6,368,000","-5,889,000","-9,918,000","-6,315,000","-3,996,000","-10,831,000","-19,081,000","-9,951,000","-17,005,000","-13,259,000","44,394,000","-11,143,000","-10,872,000","-7,362,000","-7,627,000","-7,674,000","-34,399,000","111,000","110,000","110,000","-19,067,000","208,000","209,000","208,000"
TaxRateForCalcs,"0.4","0.4","0.27","0.27","0.27","0.27","0.27","0.27","0.27","0.27","0.27","0.27","0.025","0.113","0.063","0.27","0.009","0.083","0.4","0.4","0.025","0.4","0.022","0.4","0","0","0","0","0","0","0","0","0","0","0","0","0","0","0","0.35","0.35","0.35","0.35","0.35","0.35","0.35","0.35","0.35","0.35","0.35","0.35","0.35","0.35","0","0.35","0.35","0.35","0.35","0.35","0.35","0.35","0.35","0.4","0.4","0.4","0","0.4","0.4","0.4","0.4","0.4","0.4","0.4","0.4"
TaxEffectOfUnusualItems,"0","0","0","0","0","0","0","0","0","0","0","0","0","0","0","0","0","0","0","0","0","0","0","0","0","0","0","0","0","0","0","0","0","0","0","0","0","0","0","0","-88,550","-37,450","-69,300","-145,600","0","-26,250","126,350","-5,600","32,900","-23,100","0","34,300","87,500","0","103,950","187,950","133,000","214,200","0","0","0","526,750","0","0","0","0","0","0","0","0","0","0","0","0"