name,ttm,03/31/2022,12/31/2021,09/30/2021,06/30/2021,03/31/2021,12/31/2020,09/30/2020,06/30/2020,03/31/2020,12/31/2019,09/30/2019,06/30/2019,03/31/2019,12/31/2018,09/30/2018,06/30/2018,03/31/2018,12/31/2017,09/30/2017,06/30/2017,03/31/2017,12/31/2016,09/30/2016,06/30/2016,03/31/2016,12/31/2015,09/30/2015,06/30/2015,03/31/2015,12/31/2014,09/30/2014,06/30/2014,03/31/2014,12/31/2013,09/30/2013,06/30/2013,03/31/2013,12/31/2012,09/30/2012,06/30/2012,03/31/2012,12/31/2011,09/30/2011,06/30/2011,03/31/2011,12/31/2010,09/30/2010,06/30/2010,03/31/2010,12/31/2009,09/30/2009,06/30/2009,03/31/2009,12/31/2008,09/30/2008,06/30/2008,03/31/2008,12/31/2007,09/30/2007,06/30/2007,03/31/2007,12/31/2006,09/30/2006,06/30/2006,03/31/2006,12/31/2005,09/30/2005,06/30/2005,03/31/2005,12/31/2004,09/30/2004,06/30/2004,03/31/2004,12/31/2003,09/30/2003,06/30/2003,03/31/2003,12/31/2002,09/30/2002,06/30/2002,03/31/2002,12/31/2001,09/30/2001,06/30/2001,03/31/2001,12/31/2000,09/30/2000,06/30/2000,03/31/2000,12/31/1999,09/30/1999
TotalRevenue,"196,189,000","50,300,000","51,091,000","45,780,000","49,018,000","42,760,000","38,285,000","36,877,000","32,645,000","43,098,000","44,051,000","42,146,000","38,225,000","37,646,000","34,406,000","33,522,000","38,553,000","35,832,000","32,506,000","25,617,000","34,289,000","26,460,000","21,756,000","21,588,000","21,944,000","20,361,000","18,503,000","16,600,000","17,646,195","15,357,740","12,820,937","12,252,602","11,207,460","10,443,932","10,570,514","10,123,058","9,684,841","8,980,804","8,884,321","8,390,277","7,902,846","7,527,051","6,881,598","6,705,748","6,888,630","5,522,977","6,016,516","4,440,665","4,479,106","3,693,526","3,770,839","3,827,636","3,646,083","2,308,932","2,670,229","3,394,879","5,024,975","4,263,512","3,459,403","3,355,656","2,446,979","2,690,414","2,011,722","2,008,897","1,474,389","1,618,776","1,957,753","1,363,886","1,387,633","1,122,330","1,135,449","1,032,578","684,933","1,352,689","1,914,586","1,680,608","619,738","724,238","774,647","734,445","564,430","427,643","324,882","365,747","444,293","341,708","258,242","406,759","646,581","314,256","580,312","513,192"
	OperatingRevenue,"196,189,000","50,300,000","51,091,000","45,780,000","49,018,000","42,760,000","38,285,000","36,877,000","32,645,000","43,098,000","44,051,000","42,146,000","38,225,000","37,646,000","34,406,000","33,522,000","38,553,000","35,832,000","32,506,000","25,617,000","34,289,000","26,460,000","21,756,000","21,588,000","21,944,000","20,361,000","18,503,000","16,600,000","17,646,195","15,357,740","12,820,937","12,252,602","11,207,460","10,443,932","10,570,514","10,123,058","9,684,841","8,980,804","8,884,321","8,390,277","7,902,846","7,527,051","6,881,598","6,705,748","6,888,630","5,522,977","6,016,516","4,440,665","4,479,106","3,693,526","3,770,839","3,827,636","3,646,083","2,308,932","2,670,229","3,394,879","5,024,975","4,263,512","3,459,403","3,355,656","2,446,979","2,690,414","2,011,722","2,008,897","1,474,389","1,618,776","1,957,753","1,363,886","1,387,633","1,122,330","1,135,449","1,032,578","684,933","1,352,689","1,914,586","1,680,608","619,738","724,238","774,647","734,445","564,430","427,643","324,882","365,747","444,293","341,708","258,242","406,759","646,581","314,256","580,312","513,192"
CostOfRevenue,"134,341,000","34,100,000","35,101,000","30,904,000","34,236,000","30,056,000","25,984,000","22,637,000","21,548,000","32,100,000","31,289,000","32,094,000","29,238,000","27,867,000","25,163,000","23,412,000","31,223,000","23,888,000","23,305,000","18,416,000","26,769,000","19,835,000","15,422,000","15,421,000","16,161,000","14,689,000","13,020,000","11,553,000","12,838,194","10,211,601","9,087,681","9,117,364","7,545,316","6,446,144","6,740,381","6,540,287","6,014,030","5,299,465","5,284,140","5,245,996","4,724,507","4,731,831","4,943,142","4,656,712","4,536,694","3,969,845","3,528,495","3,085,098","2,954,187","2,397,931","2,761,443","2,797,513","2,956,288","1,717,748","2,005,100","2,491,470","4,063,929","3,367,790","2,416,493","2,836,480","2,318,411","2,372,474","1,727,533","1,393,361","1,254,601","931,027","1,169,871","1,048,959","1,228,275","555,610","792,744","902,044","1,093,168","1,070,942","1,083,419","1,082,163","914,270","717,773","671,940","376,184","307,143","201,774","196,998","213,034","213,445","216,617","122,028","237,732","416,397","159,310","388,706","316,385"
GrossProfit,"61,848,000","16,200,000","15,990,000","14,876,000","14,782,000","12,704,000","12,301,000","14,240,000","11,097,000","10,998,000","12,762,000","10,052,000","8,987,000","9,779,000","9,243,000","10,110,000","7,330,000","11,944,000","9,201,000","7,201,000","7,520,000","6,625,000","6,334,000","6,167,000","5,783,000","5,672,000","5,483,000","5,047,000","4,808,001","5,146,139","3,733,256","3,135,238","3,662,144","3,997,788","3,830,133","3,582,771","3,670,811","3,681,339","3,600,181","3,144,281","3,178,339","2,795,220","1,938,456","2,049,036","2,351,936","1,553,132","2,488,021","1,355,567","1,524,919","1,295,595","1,009,396","1,030,123","689,795","591,184","665,129","903,409","961,046","895,722","1,042,910","519,176","128,568","317,940","284,189","615,536","219,788","687,749","787,882","314,927","159,358","566,720","342,705","130,534","-408,235","281,747","831,167","598,445","-294,532","6,465","102,707","358,261","257,287","225,869","127,884","152,713","230,848","125,091","136,214","169,027","230,184","154,946","191,606","196,807"
OperatingExpense,"62,892,000","15,319,000","16,310,000","16,014,000","15,249,000","14,722,000","14,883,000","17,848,000","21,477,000","21,176,000","20,518,000","22,892,000","18,919,000","13,647,000","19,262,000","15,109,000","11,097,000","10,697,000","9,066,000","6,991,000","7,806,000","6,079,000","5,740,000","6,886,000","8,598,000","5,196,000","4,544,000","4,699,000","5,164,513","4,414,733","3,681,801","3,801,890","4,229,955","3,632,253","3,320,443","3,453,853","3,460,524","3,331,120","3,032,531","3,558,513","5,782,231","3,432,421","3,875,490","3,871,302","3,750,690","3,220,801","2,628,644","3,254,839","3,650,817","3,596,337","5,257,732","3,950,844","3,607,775","4,136,633","4,164,554","4,858,312","4,841,965","4,882,385","4,949,694","5,892,661","4,763,263","4,028,819","3,888,698","3,774,028","4,501,686","3,425,548","2,994,019","2,870,892","3,533,072","3,416,645","3,501,428","3,138,378","3,463,752","3,446,632","3,982,817","7,877,223","5,529,697","4,221,721","2,454,665","3,026,457","8,372,683","3,215,591","2,377,138","2,115,120","3,249,628","2,422,055","1,704,434","1,454,736","2,326,755","1,926,389","1,690,326","1,650,073"
	SellingGeneralAndAdministration,"53,420,000","8,725,000","9,417,000","9,603,000","14,253,000","13,731,000","13,831,000","16,780,000","20,379,000","20,069,000","19,438,000","21,870,000","17,848,000","12,564,000","18,119,000","13,976,000","10,000,000","9,572,000","8,329,000","6,746,000","8,295,000","5,583,000","5,138,000","6,477,000","9,133,000","4,734,000","4,307,000","4,216,000","5,008,816","4,279,888","3,530,064","3,632,487","4,067,804","3,479,300","3,193,568","3,295,344","3,150,536","3,003,231","2,699,675","3,215,125","5,420,956","3,040,562","3,531,081","3,468,070","3,394,071","2,860,273","2,262,967","2,913,298","3,261,803","3,200,739","4,857,366","3,565,778","3,212,769","3,755,245","3,776,302","4,439,533","4,416,242","4,392,292","4,442,646","5,392,034","4,299,381","3,600,544","3,459,174","3,347,056","4,071,509","2,987,906","2,572,038","2,461,099","3,120,931","3,017,199","3,109,072","2,742,200","3,377,446","3,035,427","3,561,872","7,204,967","4,449,705","3,023,006","2,207,086","2,488,097","5,180,278","3,134,782","2,295,957","2,033,299","3,140,737","2,388,472","1,656,442","1,409,139","2,284,945","1,906,239","1,680,908","1,632,904"
		GeneralAndAdministrativeExpense,"52,272,000","6,788,000","7,672,000","7,264,000","14,253,000","13,731,000","13,831,000","16,780,000","20,379,000","20,069,000","19,438,000","21,870,000","17,848,000","12,564,000","18,119,000","13,976,000","10,000,000","9,572,000","8,329,000","6,746,000","9,771,000","5,014,000","4,560,000","6,148,000","10,163,000","4,372,000","3,972,000","3,883,000","5,008,816","4,279,888","3,530,064","3,632,487","4,067,804","3,479,300","3,193,568","3,295,344","3,150,536","3,003,231","2,699,675",,,,,,,,,,,,,,,,,,,,,,,,,,,,,,,,,,,,,,,,,,,,,,,,,,,,,
			SalariesAndWages,,,,,,,,,,,,,,,,,,,,,"3,027,000","3,060,000","2,849,000","3,129,000",,"2,760,000","2,786,000","2,685,000",,,,,,,,,,,,,,,,,,,,,,,,,,,,,,,,,,,,,,,,,,,,,,,,,,,,,,,,,,,,,,,,
			OtherGandA,"52,272,000","6,788,000","7,672,000","7,264,000","14,253,000","13,731,000","13,831,000","16,780,000","20,379,000","20,069,000","19,438,000","21,870,000","17,848,000","12,564,000","18,119,000","13,976,000","10,000,000","9,572,000","8,329,000","6,746,000","18,809,000","1,954,000","1,711,000","3,019,000","18,394,000","1,612,000","1,186,000","1,198,000","5,008,816","4,279,888","3,530,064","3,632,487","4,067,804","3,479,300","3,193,568","3,295,344","3,150,536","3,003,231","2,699,675",,,,,,,,,,,,,,,,,,,,,,,,,,,,,,,,,,,,,,,,,,,,,,,,,,,,,
		SellingAndMarketingExpense,,"1,937,000","1,745,000","2,339,000",,,,,,,,,,,,,,,,,"731,000","569,000","578,000","329,000",,"362,000","335,000","333,000",,,,,,,,,,,,,,,,,,,,,,,,,,,,,,,,,,,,,,,,,,,,,,,,,,,,,,,,,,,,,,,,
	ResearchAndDevelopment,,"5,532,000","5,780,000","5,389,000",,,,,,,,,,,,,,,,,"53,000","95,000","173,000","124,000",,"131,000","37,000","191,000",,,,,,,,,,,,,,,,,,,,,,,,,,,,,,,,,,,,,,,,,,,,,,,,,,,,,,,,,,,,,,,,
	DepreciationAmortizationDepletionIncomeStatement,"4,193,000","1,062,000","1,113,000","1,022,000","996,000","991,000","1,052,000","1,068,000","1,098,000","1,107,000","1,080,000","1,022,000","1,071,000","1,083,000","1,143,000","1,133,000","1,097,000","1,125,000","737,000","245,000","244,000","259,000","307,000","208,000","208,000","173,000","127,000","139,000","155,697","134,845","151,737","169,403","162,151","152,953","126,875","158,509","309,988","327,889","332,856","343,388","361,275","391,859","344,409","403,232","356,619","360,528","365,677","341,541","389,014","395,598","400,366","385,066","395,006","381,388","388,252","418,779","425,723","490,093","507,048","500,627","463,882","428,275","429,524","426,972","430,177","437,642","421,981","409,793","412,141","399,446","392,356","396,178","405,221","411,205","420,945","394,959","517,690","239,363","247,579","538,360","3,192,405","80,809","81,181","81,821","108,891","33,583","47,992","45,597","41,810","20,150","9,418","17,169"
		DepreciationAndAmortizationInIncomeStatement,"4,193,000","1,062,000","1,113,000","1,022,000","996,000","991,000","1,052,000","1,068,000","1,098,000","1,107,000","1,080,000","1,022,000","1,071,000","1,083,000","1,143,000","1,133,000","1,097,000","1,125,000","737,000","245,000","244,000","259,000","307,000","208,000","208,000","173,000","127,000","139,000","155,697","134,845","151,737","169,403","162,151","152,953","126,875","158,509","309,988","327,889","332,856","343,388","361,275","391,859","344,409","403,232","356,619","360,528","365,677","341,541","389,014","395,598","400,366","385,066","395,006","381,388","388,252","418,779","425,723","490,093","507,048","500,627","463,882","428,275","429,524","426,972","430,177","437,642","421,981","409,793","412,141","399,446","392,356","396,178","405,221","411,205","420,945","394,959","517,690","239,363","247,579","538,360","3,192,405","80,809","81,181","81,821","108,891","33,583","47,992","45,597","41,810","20,150","9,418","17,169"
	OtherOperatingExpenses,,,,,,,,,,,"738,000","3,699,000","2,317,000","1,408,000","7,188,000","4,526,000",,,,,"123,000","142,000","122,000","77,000",,"158,000","73,000","153,000",,,,,,,,,,,,,,,,,,,,,,,,,,,,,,,,,,,,,,,,,,,,,,,,"277,297","562,302","959,352",,,,,,,,,,,,,,
OperatingIncome,"-1,044,000","881,000","-320,000","-1,138,000","-467,000","-2,018,000","-2,582,000","-3,608,000","-10,380,000","-10,178,000","-7,756,000","-12,840,000","-9,932,000","-3,868,000","-10,019,000","-4,999,000","-3,767,000","1,247,000","135,000","210,000","-286,000","546,000","594,000","-719,000","-2,815,000","476,000","939,000","348,000","-356,512","731,406","51,455","-666,652","-567,811","365,535","509,690","128,918","210,287","350,219","567,650","-414,232","-2,603,892","-637,201","-1,937,034","-1,822,266","-1,398,754","-1,667,669","-140,623","-1,899,272","-2,125,898","-2,300,742","-4,248,336","-2,920,721","-2,917,980","-3,545,449","-3,499,425","-3,954,903","-3,880,919","-3,986,663","-3,906,784","-5,373,485","-4,634,695","-3,710,879","-3,604,509","-3,158,492","-4,281,898","-2,737,799","-2,206,137","-2,555,965","-3,373,714","-2,849,925","-3,158,723","-3,007,844","-3,871,987","-3,164,885","-3,151,650","-7,278,778","-5,824,229","-4,215,256","-2,351,958","-2,668,196","-8,115,396","-2,989,722","-2,249,254","-1,962,407","-3,018,780","-2,296,964","-1,568,220","-1,285,709","-2,096,571","-1,771,443","-1,498,720","-1,453,266"
NetNonOperatingInterestIncomeExpense,"1,401,000","1,297,000","-30,000","-5,000","138,000","214,000","-271,000","-2,965,000","-9,000","-272,000","-550,000","2,000","-196,000","-595,000","-438,000","-381,000","-1,312,000","-478,000","-243,000","-129,000","-196,000","-74,000","-1,000","-139,000","-15,000","-113,000","-84,000","-68,000","-49,874","-58,955","-45,414","-64,829","-65,534","-57,832","-55,691","-47,450","-43,592","-50,297","-3,355","-2,840","13,639","3,509","-35,786","6,703","21,990","4,141","7,492","12,658","36,097","-9,396","2,980","-5,478","-357","14,896",,,,,,,,,,,,,,,,,,,,,,,,,,,,,,,,,,,,,,
	InterestIncomeNonOperating,"1,544,000","1,297,000","445,000","473,000","181,000","302,000","325,000","350,000","607,000","411,000","283,000","467,000","278,000","318,000","381,000","405,000","478,000","134,000","251,000","80,000","95,000","114,000","200,000","73,000","182,000","67,000","20,000","51,000","42,204","26,394","4,015","10,082","8,995","3,102","4,714","13,526","4,211","11,082","21,661","20,166","26,876","14,029","13,286","17,867","25,519","13,936","17,469","25,310","48,281","9,226","12,699","14,938","19,693","38,700",,,,,,,,,,,,,,,,,,,,,,,,,,,,,,,,,,,,,,
	InterestExpenseNonOperating,"143,000",,"475,000","478,000","43,000","88,000","596,000","3,315,000","616,000","683,000","833,000","465,000","474,000","913,000","819,000","786,000","1,790,000","612,000","494,000","209,000","291,000","188,000","201,000","212,000","197,000","180,000","104,000","119,000","92,078","85,349","49,429","74,911","74,529","60,934","60,405","60,976","47,803","61,379","25,016","23,006","13,237","10,520","49,072","11,164","3,529","9,795","9,977","12,652","12,184","18,622","9,719","20,416","20,050","23,804",,,,,,,,,,,,,,,,,,,,,,,,,,,,,,,,,,,,,,
OtherIncomeExpense,,"-7,000","-16,000","-59,000","3,224,000",,,,,"1,070,000",,,"-211,000","-24,000","-181,000","-922,000","-1,204,000","-1,747,000","-3,335,000","-762,000","718,000","-127,000","-360,000","-1,721,000","1,255,000","-5,876,000","-1,575,000","107,000","314,821","-1,101,241","135,402","310,052","53,125","-168,897","-37,896","219,097","1,517,384","-1,308,954","-403,635","463,133","-169,755","95,074","151,759","1,736,609","-546,291","-850,740",,,,,"2,980",,,,,,,,,,,,,,,,,,,,,,"238,875","565,519","515,844","-245,936","-2,508,253","-959,352",,,,,,,"-6,343","10,213","-25,594","-18,376","12,977","-28,005","-17,251","-33,142"
	GainOnSaleOfSecurity,,,,,,,,,,"1,070,000",,,,,,,,,,,"0",,,"-1,490,000","18,000","-4,805,000","-1,230,000","343,000","262,643","-1,101,241","135,402","310,052","53,125","-168,897","-37,896","219,097","1,517,384","-1,308,954","-403,635","463,133",,"95,074",,,,,,,,,,,,,,,,,,,,,,,,,,,,,,,,,,,,,,,,,,,,,,,,,,
	SpecialIncomeCharges,,,,,,,,,"0","0","0","0","-211,000","-24,000","-181,000","-922,000","-1,204,000","-1,747,000","-3,335,000","-762,000","718,000","-127,000","-360,000","-231,000","1,237,000","-1,071,000","-345,000","-236,000",,,,,,,,,,,,"463,133","-169,755",,"151,759","1,736,609","-546,291","-850,740",,,,,"2,980","0","0","0",,,,,,,,,,,,,,,,,,,"238,875","565,519","515,844","-245,936","-2,508,253","-959,352",,,,,,,"-6,343","10,213","-25,594","-18,376","12,977","-28,005","-17,251","-33,142"
		RestructuringAndMergernAcquisition,,,,,,,,,"0","0","0","0","211,000","24,000","181,000","922,000","1,204,000","1,747,000","3,335,000","762,000",,,,,,,"106,000",,,,,,,,,,,,,,,,,,,,,,,,,,,,,,,,,,,,,,,,,,,,,,,,,,,,,,,,,,,,,,,,,
		ImpairmentOfCapitalAssets,,,,,,,,,,,,,,,,,,,,,"0",,,,"432,000",,,,,,,,,,,,,,,,"0",,,,,,,,,,,,,,,,,,,,,,,,,,,,,,,,,,,,,,,,,,,,,,,,,,,
		WriteOff,,,,,,,,,,,,,,,,,,,,,"187,000","127,000","352,000","97,000",,"505,000","239,000","236,000",,,,,,,,,,,,,,,,,,,,,,,,,,,,,,,,,,,,,,,,,,,,,,,,,,,,,,,,,,,,,,,,
		OtherSpecialCharges,,,,,,,,,,,,,,,,,,,,,,,"8,000","134,000",,"566,000",,,,,,,,,,,,,,,"169,755",,,"-1,736,609",,,,,,,,,,,,,,,,,,,,,,,,,,,,,,,,,,,,,,,,,,,,,,,,
	OtherNonOperatingIncomeExpenses,,"-7,000","-16,000","-59,000","3,224,000",,,,,,,,,,,,,,,,,,,,,,,,"52,178",,,,,,,,,,,,,,,,,,,,,,,,,,,,,,,,,,,,,,,,,,,,,,,,,,,,,,,,,,,,,,,
PretaxIncome,"3,498,000","2,171,000","-366,000","-1,202,000","2,895,000","-1,804,000","-2,853,000","-6,573,000","-11,459,000","-9,380,000","-8,306,000","-12,838,000","-10,339,000","-4,487,000","-10,638,000","-6,302,000","-6,283,000","-978,000","-3,443,000","-681,000","236,000","345,000","233,000","-2,579,000","-1,575,000","-5,513,000","-720,000","387,000","-91,565","-428,790","141,443","-421,429","-580,220","138,806","416,103","300,565","1,684,079","-1,009,032","160,660","46,061","-2,760,006",,"-1,821,061","-78,954",,,"-133,131",,,,,,,,,,,,,,,,"-4,377,088",,,,"-2,864,091",,,,,,,,,,,,,,,,,,,,,,,,,
TaxProvision,"463,000","35,000","102,000","89,000","237,000","44,000","49,000","40,000","-45,000","-85,000","72,000","59,000","202,000","23,000","19,000","18,000","-6,568,000","-2,138,000","9,073,000","-468,000","-7,000","209,000",,"-115,000","-703,000","-93,000","154,000","27,000","109,436","137,820","402,358","-360,473","-541,501","-26,727,720","6,912","6,911","6,912","6,911","6,902","6,921","12,599",,,,,,,,,,,,,,,,,,,,,,,,,,,,,,,,,,,,,,,,,,,,,,,,,,,
NetIncomeCommonStockholders,"2,367,000","1,802,000","-468,000","-1,625,000","2,658,000","-2,182,000","-2,902,000","-6,947,000","-11,414,000","-9,629,000","-8,378,000","-13,231,000","-10,541,000","-4,844,000","-10,657,000","-6,654,000","285,000","826,000","-12,516,000","-547,000","243,000","-198,000","233,000","-2,798,000","-872,000","-5,754,000","-874,000","28,000","-201,001","-898,836","-260,915","-393,182","-38,719","26,534,300","409,191","-38,572","1,677,167","-1,348,169","153,758","-293,086","-2,772,607","-870,844","-1,821,061","-411,180","-1,923,055","-2,846,494","-133,131","-2,219,965","-2,089,801","-2,662,574","-4,245,356","-3,308,902","-2,918,337","-3,913,256","-3,429,033","-4,244,189","-3,754,692","-4,150,840","-3,639,666","-5,653,283","-5,605,598","-4,509,752","-4,377,088","-4,071,471","-5,472,246","-3,705,100","-2,864,091","-3,588,929","-4,351,499","-4,094,106","-3,805,004","-4,032,694","-5,001,900","-3,776,714","-3,737,624","-9,696,453","-9,422,601","-5,734,307","-3,630,997","-3,971,180","-9,132,312","-3,871,525","-2,462,676","-2,670,857","-4,729,437","-3,065,163","-1,937,693","-2,060,492","-2,406,792","-2,635,934","-1,935,119","-2,356,714"
	NetIncome,"3,035,000","2,136,000","-468,000","-1,291,000","2,658,000","-1,848,000","-2,902,000","-6,613,000","-11,414,000","-9,295,000","-8,378,000","-12,897,000","-10,541,000","-4,510,000","-10,657,000","-6,320,000","285,000","1,160,000","-12,516,000","-213,000","243,000","136,000","233,000","-2,464,000","-872,000","-5,420,000","-874,000","360,000","-201,001","-566,610","-260,915","-60,956","-38,719","26,866,526","409,191","293,654","1,677,167","-1,015,943","153,758","39,140","-2,772,607","-538,618","-1,821,061","-78,954","-1,923,055","-2,514,268","-133,131","-1,886,614","-2,089,801","-2,310,138","-4,245,356","-2,926,199","-2,918,337","-3,530,553","-3,429,033","-3,853,895","-3,754,692","-3,760,546","-3,639,666","-5,262,989","-5,605,598","-4,119,458","-4,377,088","-3,680,314","-5,472,246","-3,313,868","-2,864,091","-3,196,872","-4,351,499","-3,702,049","-3,805,004","-3,640,637","-5,001,900","-3,383,570","-3,737,624","-9,303,084","-9,422,601","-5,337,683","-3,630,997","-3,574,218","-9,132,312","-3,462,183","-2,462,676","-2,257,638","-4,729,437","-2,650,455","-1,937,693","-1,638,659","-2,406,792","-2,175,039","-1,935,119","-1,887,531"
		NetIncomeIncludingNoncontrollingInterests,"3,035,000","2,136,000","-468,000","-1,291,000","2,658,000","-1,848,000","-2,902,000","-6,613,000","-11,414,000","-9,295,000","-8,378,000","-12,897,000","-10,541,000","-4,510,000","-10,657,000","-6,320,000","285,000","1,160,000","-12,516,000","-213,000","243,000","136,000","233,000","-2,464,000","-872,000","-5,420,000","-874,000","360,000","-201,001","-566,610","-260,915","-60,956","-38,719","26,866,526","409,191","293,654","1,677,167","-1,015,943","153,758","39,140","-2,772,607","-538,618","-1,821,061","-78,954","-1,923,055","-2,514,268","-133,131","-1,886,614","-2,089,801","-2,310,138","-4,245,356","-2,926,199","-2,918,337","-3,530,553","-3,429,033","-3,853,895","-3,754,692","-3,760,546","-3,639,666","-5,262,989","-5,605,598","-4,119,458","-4,377,088","-3,680,314","-5,472,246","-3,313,868","-2,864,091","-3,196,872","-4,351,499","-3,702,049","-3,805,004","-3,640,637","-5,001,900","-3,383,570","-3,737,624","-9,303,084","-9,422,601","-5,337,683","-3,630,997","-3,574,218","-9,132,312","-3,462,183","-2,462,676","-2,257,638","-4,729,437","-2,650,455","-1,937,693","-1,638,659","-2,406,792","-2,175,039","-1,935,119","-1,887,531"
			NetIncomeContinuousOperations,"3,035,000","2,136,000","-468,000","-1,291,000","2,658,000","-1,848,000","-2,902,000","-6,613,000","-11,414,000","-9,295,000","-8,378,000","-12,897,000","-10,541,000","-4,510,000","-10,657,000","-6,320,000","285,000","1,160,000","-12,516,000","-213,000","243,000","136,000","233,000","-2,464,000","-872,000","-5,420,000","-874,000","360,000","-201,001","-566,610","-260,915","-60,956","-38,719","26,866,526","409,191","293,654","1,677,167","-1,015,943","153,758","39,140","-2,772,607","-538,618","-1,821,061","-78,954","-1,923,055","-2,514,268","-133,131","-1,886,614","-2,089,801","-2,310,138","-4,245,356","-2,926,199","-2,918,337","-3,530,553","-3,429,033","-3,853,895","-3,754,692","-3,760,546","-3,639,666","-5,262,989","-5,605,598","-4,119,458","-4,377,088","-3,680,314","-5,472,246","-3,313,868","-2,864,091","-3,196,872","-4,351,499","-3,702,049","-3,805,004","-3,640,637","-5,001,900","-3,383,570","-3,737,624","-9,303,084","-9,422,601","-5,337,683","-3,630,997","-3,574,218","-9,132,312","-3,462,183","-2,462,676","-2,257,638","-3,045,437","-2,650,455","-1,937,693","-1,638,659","-2,406,792","-2,175,039","-1,935,119","-1,887,531"
	PreferredStockDividends,"668,000","334,000",,"334,000","0","334,000",,"334,000","0","334,000",,"334,000","0","334,000",,"334,000","0","334,000",,"334,000","0","334,000",,"334,000","0","334,000",,"332,000","0","332,226",,"332,226","0","332,226",,"332,226","0","332,226",,"332,226","0","332,226",,"332,226","0","332,226",,"333,351","0","352,436",,"382,703","0","382,703",,"390,294","0","390,294",,"390,294","0","390,294",,"391,157","0","391,232",,"392,057","0","392,057",,"392,057","0","393,144",,"393,369","0","396,624",,"396,962","0","409,342",,"413,219","0","414,708",,"421,833","0","460,895",,"469,183"
AverageDilutionEarnings,,,,,,,,,,,,,,,,,,,,,,,,,,"0",,"-343,000",,,,,,,,,,,,,,,,,,,,,,,,,,,,,,,,,,,,,,,,,,,,,,,,,,,,,,,,,,,,,,,,
DilutedNIAvailtoComStockholders,"2,367,000","1,802,000","-468,000","-1,625,000","2,658,000","-2,182,000","-2,902,000","-6,947,000","-11,414,000","-9,629,000","-8,378,000","-13,231,000","-10,541,000","-4,844,000","-10,657,000","-6,654,000","285,000","826,000","-12,516,000","-547,000","243,000","-198,000","233,000","-2,798,000","-872,000","-5,754,000","-874,000","-315,000","-201,001","-898,836","-260,915","-393,182","-38,719","26,534,300","409,191","-38,572","1,677,167","-1,348,169","153,758","-293,086","-2,772,607","-870,844","-1,821,061","-411,180","-1,923,055","-2,846,494","-133,131","-2,219,965","-2,089,801","-2,662,574","-4,245,356","-3,308,902","-2,918,337","-3,913,256","-3,429,033","-4,244,189","-3,754,692","-4,150,840","-3,639,666","-5,653,283","-5,605,598","-4,509,752","-4,377,088","-4,071,471","-5,472,246","-3,705,100","-2,864,091","-3,588,929","-4,351,499","-4,094,106","-3,805,004","-4,032,694","-5,001,900","-3,776,714","-3,737,624","-9,696,453","-9,422,601","-5,734,307","-3,630,997","-3,971,180","-9,132,312","-3,871,525","-2,462,676","-2,670,857","-4,729,437","-3,065,163","-1,937,693","-2,060,492","-2,406,792","-2,635,934","-1,935,119","-2,356,714"
BasicEPS,,"0.03","-0.01","-0.02","0.04","-0.03","-0.04","-0.11",,"-0.15","-0.13","-0.22",,"-0.08","-0.18","-0.11",,"0.02","-0.24","-0.01","0.01","-0.005","0.01","-0.07","-0.02","-0.16","-0.02","0.001","0.002","-0.03","-0.01","-0.01","-0.001","0.75","0.01","-0.001",,"-0.04","0.005","-0.01","-0.09","-0.03","-0.06","-0.01",,"-0.11","-0.01","-0.09",,"-0.12","-0.19","-0.17",,"-0.26","-0.23","-0.28",,"-0.28","-0.25","-0.47",,"-0.45","-0.6","-0.63",,"-0.74","-1","-1",,"-1","-1","-1",,"-1","-1","-4",,"-5","-4","-6",,"-11","-8","-11",,"-18","-12","-14",,"-22","-22","-35.547"
DilutedEPS,,"0.03","-0.01","-0.02","0.04","-0.03","-0.04","-0.11",,"-0.15","-0.13","-0.22",,"-0.08","-0.18","-0.11",,"0.02","-0.24","-0.01","0.01","-0.005","0.01","-0.07","-0.02","-0.16","-0.02","-0.01","-0.01","-0.03","-0.01","-0.01","-0.001","0.75","0.01","-0.001",,"-0.04","0.005","-0.01","-0.09","-0.03","-0.06","-0.01",,"-0.11","-0.01","-0.09",,"-0.12","-0.19","-0.17",,"-0.26","-0.23","-0.28",,"-0.28","-0.25","-0.47",,"-0.45","-0.6","-0.63",,"-0.74","-1","-1",,"-1","-1","-1",,"-1","-1","-4",,"-5","-4","-6",,"-11","-8","-11",,"-18","-12","-14",,"-22","-22","-35.547"
BasicAverageShares,,"71,083,044","70,969,246","71,175,927","66,450,000","67,112,511","64,913,364","64,859,002",,"64,096,778","63,664,256","60,096,852",,"60,065,053","60,059,936","60,053,912",,"53,637,085","52,150,106","47,573,364","40,331,993","40,327,697","40,308,934","38,488,005","37,325,681","36,161,613","35,828,776","35,788,199","35,716,603","35,687,650","35,657,519","35,586,455","35,517,099","35,504,911","34,136,884","33,324,295",,"32,821,345","32,734,394","32,518,230","32,496,327","32,466,528","32,448,040","32,288,638",,"26,914,004","26,005,257","25,842,604",,"22,730,828","22,728,252","19,819,926",,"15,345,492","15,196,988","15,169,216",,"15,023,313","14,469,667","12,031,530",,"9,652,693","7,248,300","6,451,553",,"5,027,952","4,710,351","4,027,657",,"4,030,325","3,769,338","3,557,196",,"2,937,348","2,842,775","2,499,892",,"1,154,885","877,139","711,929",,"359,310","301,785","244,485",,"171,147","156,637","143,292",,"121,152","88,883","66,299"
DilutedAverageShares,,"71,486,718","70,969,246","71,175,927","66,450,000","67,112,511","64,913,364","64,859,002",,"64,096,778","63,664,256","60,096,852",,"60,065,053","60,059,936","60,053,912",,"54,234,566","52,150,106","47,573,364","40,772,482","40,327,697","40,730,712","38,488,005","37,325,681","36,161,613","35,828,776","36,427,683","36,310,919","35,687,650","35,657,519","35,586,455","35,517,099","35,504,911","34,222,731","33,324,295",,"32,821,345","33,468,336","32,518,230","32,496,327","32,466,528","32,448,040","32,288,638",,"26,914,004","26,005,257","25,842,604",,"22,730,828","22,728,252","19,819,926",,"15,345,492","15,196,988","15,169,216",,"15,023,313","14,469,667","12,031,530",,"9,652,693","7,248,300","6,451,553",,"5,027,952","4,710,351","4,027,657",,"4,030,325","3,769,338","3,557,196",,"2,937,348","2,842,775","2,499,892",,"1,154,885","877,139","711,929",,"359,310","301,785","244,485",,"171,147","156,637","143,292",,"121,152","88,883","66,299"
TotalOperatingIncomeAsReported,"-1,044,000","881,000","-320,000","-1,138,000","-467,000","-2,018,000","-2,582,000","-3,608,000","-10,380,000","-10,178,000","-7,756,000","-12,840,000","-10,143,000","-3,892,000","-10,200,000","-5,921,000","-4,971,000","-500,000","-3,200,000","-552,000","432,000","419,000","234,000","-950,000","-1,578,000","-595,000","594,000","112,000","-356,512","731,406","51,455","-666,652","-567,811","365,535","509,690","128,918","210,287","350,219","567,650","-414,232","-2,603,892","-637,201","-1,937,034","-1,822,266","-1,980,654","-1,667,669","-140,623","-1,899,272","-2,125,898","-2,300,742","-4,248,336","-2,920,721","-2,917,980","-3,545,449","-3,499,425","-3,954,903","-3,880,919","-3,986,663","-3,906,784","-5,373,485","-4,634,695","-3,710,879","-3,604,509","-3,158,492","-4,281,898","-2,737,799","-2,206,137","-2,555,965","-3,373,714","-2,849,925","-3,158,723","-3,007,844","-3,871,987","-3,164,885","-3,151,650","-7,278,778","-5,824,229","-4,215,256","-2,351,958","-2,668,196","-8,115,396","-2,989,722","-2,249,254","-1,962,407","-3,018,780","-2,296,964","-1,568,220","-1,285,709","-2,096,571","-1,771,443","-1,498,720","-1,453,266"
TotalExpenses,"197,233,000","49,419,000","51,411,000","46,918,000","49,485,000","44,778,000","40,867,000","40,485,000","43,025,000","53,276,000","51,807,000","54,986,000","48,157,000","41,514,000","44,425,000","38,521,000","42,320,000","34,585,000","32,371,000","25,407,000","34,575,000","25,914,000","21,162,000","22,307,000","24,759,000","19,885,000","17,564,000","16,252,000","18,002,707","14,626,334","12,769,482","12,919,254","11,775,271","10,078,397","10,060,824","9,994,140","9,474,554","8,630,585","8,316,671","8,804,509","10,506,738","8,164,252","8,818,632","8,528,014","8,287,384","7,190,646","6,157,139","6,339,937","6,605,004","5,994,268","8,019,175","6,748,357","6,564,063","5,854,381","6,169,654","7,349,782","8,905,894","8,250,175","7,366,187","8,729,141","7,081,674","6,401,293","5,616,231","5,167,389","5,756,287","4,356,575","4,163,890","3,919,851","4,761,347","3,972,255","4,294,172","4,040,422","4,556,920","4,517,574","5,066,236","8,959,386","6,443,967","4,939,494","3,126,605","3,402,641","8,679,826","3,417,365","2,574,136","2,328,154","3,463,073","2,638,672","1,826,462","1,692,468","2,743,152","2,085,699","2,079,032","1,966,458"
NetIncomeFromContinuingAndDiscontinuedOperation,"3,035,000","2,136,000","-468,000","-1,291,000","2,658,000","-1,848,000","-2,902,000","-6,613,000","-11,414,000","-9,295,000","-8,378,000","-12,897,000","-10,541,000","-4,510,000","-10,657,000","-6,320,000","285,000","1,160,000","-12,516,000","-213,000","243,000","136,000","233,000","-2,464,000","-872,000","-5,420,000","-874,000","360,000","-201,001","-566,610","-260,915","-60,956","-38,719","26,866,526","409,191","293,654","1,677,167","-1,015,943","153,758","39,140","-2,772,607","-538,618","-1,821,061","-78,954","-1,923,055","-2,514,268","-133,131","-1,886,614","-2,089,801","-2,310,138","-4,245,356","-2,926,199","-2,918,337","-3,530,553","-3,429,033","-3,853,895","-3,754,692","-3,760,546","-3,639,666","-5,262,989","-5,605,598","-4,119,458","-4,377,088","-3,680,314","-5,472,246","-3,313,868","-2,864,091","-3,196,872","-4,351,499","-3,702,049","-3,805,004","-3,640,637","-5,001,900","-3,383,570","-3,737,624","-9,303,084","-9,422,601","-5,337,683","-3,630,997","-3,574,218","-9,132,312","-3,462,183","-2,462,676","-2,257,638","-3,045,437","-2,650,455","-1,937,693","-1,638,659","-2,406,792","-2,175,039","-1,935,119","-1,887,531"
NormalizedIncome,"3,035,000","2,136,000","-468,000","-1,291,000","2,658,000","-1,848,000","-2,902,000","-6,613,000","-10,348,201.937","-10,355,303.838","-8,378,000","-12,897,000","-10,386,970","-4,492,480","-10,524,870","-5,646,940","1,163,920","2,435,310","-10,515,000","244,200","-187,800","212,200","449,000","-819,740.985","-1,625,000","356,876.474","71,000","260,490","-358,586.8","94,134.6","-348,926.3","-262,489.8","-73,250.25","26,976,309.05","446,457.499","79,594.777","166,010.83","-165,122.9","540,052.724","-354,403.901","-2,662,266.25","-600,416.1","-1,972,820","-1,815,563","-1,567,965.85","-1,961,287","-133,131","-1,886,614","-2,089,801","-2,310,138","-4,247,293","-2,926,199","-2,918,337","-3,530,553","-3,429,033","-3,853,895","-3,754,692","-3,760,546","-3,639,666","-5,262,989","-5,605,598","-4,119,458","-4,377,088","-3,680,314","-5,472,246","-3,313,868","-2,864,091","-3,196,872","-4,351,499","-3,702,049","-3,805,004","-3,640,637","-5,145,225","-3,722,881.4","-4,047,130.4","-9,155,522.4","-7,917,649.2","-4,762,071.8","-3,630,997","-3,574,218","-9,132,312","-3,462,183","-2,462,676","-2,257,638","-3,041,631.2","-2,656,582.8","-1,922,336.6","-1,627,633.4","-2,414,578.2","-2,158,236","-1,924,768.4","-1,867,645.8"
InterestIncome,"1,544,000","1,297,000","445,000","473,000","181,000","302,000","325,000","350,000","607,000","411,000","283,000","467,000","278,000","318,000","381,000","405,000","478,000","134,000","251,000","80,000","95,000","114,000","200,000","73,000","182,000","67,000","20,000","51,000","42,204","26,394","4,015","10,082","8,995","3,102","4,714","13,526","4,211","11,082","21,661","20,166","26,876","14,029","13,286","17,867","25,519","13,936","17,469","25,310","48,281","9,226","12,699","14,938","19,693","38,700",,,,,,,,,,,,,,,,,,,,,,,,,,,,,,,,,,,,,,
InterestExpense,"143,000",,"475,000","478,000","43,000","88,000","596,000","3,315,000","616,000","683,000","833,000","465,000","474,000","913,000","819,000","786,000","1,790,000","612,000","494,000","209,000","291,000","188,000","201,000","212,000","197,000","180,000","104,000","119,000","92,078","85,349","49,429","74,911","74,529","60,934","60,405","60,976","47,803","61,379","25,016","23,006","13,237","10,520","49,072","11,164","3,529","9,795","9,977","12,652","12,184","18,622","9,719","20,416","20,050","23,804",,,,,,,,,,,,,,,,,,,,,,,,,,,,,,,,,,,,,,
NetInterestIncome,"1,401,000","1,297,000","-30,000","-5,000","138,000","214,000","-271,000","-2,965,000","-9,000","-272,000","-550,000","2,000","-196,000","-595,000","-438,000","-381,000","-1,312,000","-478,000","-243,000","-129,000","-196,000","-74,000","-1,000","-139,000","-15,000","-113,000","-84,000","-68,000","-49,874","-58,955","-45,414","-64,829","-65,534","-57,832","-55,691","-47,450","-43,592","-50,297","-3,355","-2,840","13,639","3,509","-35,786","6,703","21,990","4,141","7,492","12,658","36,097","-9,396","2,980","-5,478","-357","14,896",,,,,,,,,,,,,,,,,,,,,,,,,,,,,,,,,,,,,,
EBIT,"3,641,000","881,000","109,000","-724,000","2,938,000","-1,716,000","-2,257,000","-3,258,000","-10,843,000","-8,697,000","-7,473,000","-12,373,000","-9,865,000","-3,574,000","-9,819,000","-5,516,000","-4,493,000","-366,000","-2,949,000","-472,000","527,000","533,000","434,000","-2,367,000","-1,378,000","-5,333,000","-616,000","506,000","513","-343,441","190,872","-346,518","-505,691","199,740","476,508","361,541","1,731,882","-947,653","185,676","69,067","-718,146","-637,201","-1,771,989","-67,790","-2,713,551","-1,667,669","-123,154","-1,899,272","-2,125,898","-2,300,742","-4,248,336","-2,920,721","-2,917,980","-3,545,449","-3,499,425","-3,954,903","-3,880,919","-3,986,663","-3,906,784","-5,373,485","-4,634,695","-3,710,879","-3,604,509","-3,158,492","-4,281,898","-2,737,799","-2,206,137","-2,555,965","-3,373,714","-2,849,925","-3,158,723","-3,007,844","-3,871,987","-3,164,885","-3,151,650","-7,278,778","-5,824,229","-4,215,256","-2,351,958","-2,668,196","-8,115,396","-2,989,722","-2,249,254","-1,962,407","-3,018,780","-2,296,964","-1,568,220","-1,285,709","-2,096,571","-1,771,443","-1,498,720","-1,453,266"
EBITDA,"8,922,000"
ReconciledCostOfRevenue,"133,253,000","33,880,000","34,847,000","30,640,000","33,886,000","30,055,000","25,469,000","22,098,000","20,822,000","31,507,000","30,089,000","31,903,000","28,600,000","26,907,000","24,196,000","22,398,000","30,349,000","22,631,000","22,058,000","17,169,000","25,196,000","18,884,000","14,466,000","14,328,000","15,054,000","13,628,000","11,824,000","10,342,000","11,612,908","8,913,195","7,795,708","7,813,355","6,153,592","5,185,576","5,588,738","5,458,772","5,043,440","4,438,144","4,526,816","4,569,778","4,168,073","4,233,760","4,475,961","4,238,219","4,154,010","3,603,162","3,297,214","2,901,733","2,820,328","2,340,760","2,731,768","2,770,447","2,931,128","1,695,214","1,984,153","2,470,749","4,063,929","3,367,790","2,416,493","2,836,480","2,319,786","2,372,474","1,727,533","1,393,361","1,254,601","931,027","1,169,871","1,048,959","1,228,275","641,803","744,141","864,455","1,093,167","738,058","734,389","719,661","413,887","309,341","380,664","376,184","307,143","201,773","196,998","213,034","250,412","206,067","122,028","237,732","416,397","150,326","375,686","316,385"
ReconciledDepreciation,"5,281,000","1,282,000","1,367,000","1,286,000","1,346,000","992,000","1,567,000","1,607,000","1,824,000","1,700,000","2,280,000","1,213,000","1,709,000","2,043,000","2,110,000","2,147,000","1,971,000","2,382,000","1,984,000","1,492,000","1,817,000","1,210,000","1,263,000","1,301,000","1,315,000","1,234,000","1,323,000","1,350,000","1,380,983","1,433,251","1,443,710","1,473,412","1,553,875","1,413,521","1,278,518","1,240,024","1,280,578","1,189,210","1,090,180","1,019,606","917,709","889,930","811,590","821,725","739,303","727,211","596,958","524,906","522,873","452,769","430,041","412,132","420,166","403,922","409,199","439,500","425,723","490,093","507,048","500,627","462,507","428,275","429,524","426,972","430,177","437,642","421,981","409,793","412,141","313,253","440,959","433,767","405,222","744,089","769,975","757,461","1,018,073","647,795","538,855","538,360","4,705,523","80,810","81,181","81,821","71,924","44,133","47,992","45,597","41,810","29,134","22,438","17,169"
NetIncomeFromContinuingOperationNetMinorityInterest,"3,035,000","2,136,000","-468,000","-1,291,000","2,658,000","-1,848,000","-2,902,000","-6,613,000","-11,414,000","-9,295,000","-8,378,000","-12,897,000","-10,541,000","-4,510,000","-10,657,000","-6,320,000","285,000","1,160,000","-12,516,000","-213,000","243,000","136,000","233,000","-2,464,000","-872,000","-5,420,000","-874,000","360,000","-201,001","-566,610","-260,915","-60,956","-38,719","26,866,526","409,191","293,654","1,677,167","-1,015,943","153,758","39,140","-2,772,607","-538,618","-1,821,061","-78,954","-1,923,055","-2,514,268","-133,131","-1,886,614","-2,089,801","-2,310,138","-4,245,356","-2,926,199","-2,918,337","-3,530,553","-3,429,033","-3,853,895","-3,754,692","-3,760,546","-3,639,666","-5,262,989","-5,605,598","-4,119,458","-4,377,088","-3,680,314","-5,472,246","-3,313,868","-2,864,091","-3,196,872","-4,351,499","-3,702,049","-3,805,004","-3,640,637","-5,001,900","-3,383,570","-3,737,624","-9,303,084","-9,422,601","-5,337,683","-3,630,997","-3,574,218","-9,132,312","-3,462,183","-2,462,676","-2,257,638","-3,045,437","-2,650,455","-1,937,693","-1,638,659","-2,406,792","-2,175,039","-1,935,119","-1,887,531"
TotalUnusualItemsExcludingGoodwill,"0",,,,,,,,"-1,070,000","1,070,000","0","0","-211,000","-24,000","-181,000","-922,000","-1,204,000","-1,747,000","-3,335,000","-762,000","718,000","-127,000","-360,000","-1,721,000","1,255,000","-5,876,000","-1,575,000","107,000","262,643","-1,101,241","135,402","310,052","53,125","-168,897","-37,896","219,097","1,517,384","-1,308,954","-403,635","463,133","-169,755","95,074","151,759","1,736,609","-546,291","-850,740",,,,,"2,980","0","0","0",,,,,,,,,,,,,,,,,,,"238,875","565,519","515,844","-245,936","-2,508,253","-959,352",,,,,,,"-6,343","10,213","-25,594","-18,376","12,977","-28,005","-17,251","-33,142"
TotalUnusualItems,"0",,,,,,,,"-1,070,000","1,070,000","0","0","-211,000","-24,000","-181,000","-922,000","-1,204,000","-1,747,000","-3,335,000","-762,000","718,000","-127,000","-360,000","-1,721,000","1,255,000","-5,876,000","-1,575,000","107,000","262,643","-1,101,241","135,402","310,052","53,125","-168,897","-37,896","219,097","1,517,384","-1,308,954","-403,635","463,133","-169,755","95,074","151,759","1,736,609","-546,291","-850,740",,,,,"2,980","0","0","0",,,,,,,,,,,,,,,,,,,"238,875","565,519","515,844","-245,936","-2,508,253","-959,352",,,,,,,"-6,343","10,213","-25,594","-18,376","12,977","-28,005","-17,251","-33,142"
NormalizedEBITDA,"8,922,000","2,163,000","1,476,000","562,000","4,284,000","-724,000","-690,000","-1,651,000","-7,949,000","-8,067,000","-5,193,000","-11,160,000","-7,945,000","-1,507,000","-7,528,000","-2,447,000","-1,318,000","3,763,000","2,370,000","1,782,000","1,626,000","1,870,000","2,057,000","655,000","-1,318,000","1,777,000","2,282,000","1,749,000","1,118,853","2,191,051","1,499,180","816,842","995,059","1,782,158","1,792,922","1,382,468","1,495,076","1,550,511","1,679,491","625,540","369,318","157,655","-1,112,158","-982,674","-1,427,957","-89,718","473,804","-1,374,366","-1,603,025","-1,847,973","-3,821,275","-2,508,589","-2,497,814","-3,141,527","-3,090,226","-3,515,403","-3,455,196","-3,496,570","-3,399,736","-4,872,858","-4,170,813","-3,282,604","-3,174,985","-2,731,520","-3,851,721","-2,300,157","-1,784,156","-2,146,172","-2,961,573","-2,450,479","-2,717,764","-2,574,077","-3,705,640","-2,986,315","-2,897,519","-6,275,381","-2,297,903","-2,608,109","-1,813,103","-2,129,836","-3,409,873","-2,908,912","-2,168,073","-1,880,586","-2,903,546","-2,263,044","-1,494,634","-1,221,736","-2,067,738","-1,714,304","-1,459,031","-1,402,955"
TaxRateForCalcs,"0.132","0.016","0.27","0.27","0.082","0.27","0.27","0.27","0.004","0.009","0.27","0.27","0.27","0.27","0.27","0.27","0.27","0.27","0.4","0.4","0.4","0.4","0.4","0.045","0.4","0.017","0.4","0.07","0.4","0.4","0.35","0.35","0.35","0.35","0.017","0.023","0.004","0.35","0.043","0.15","0.35","0.35","0","0","0.35","0.35","0","0.35","0.35","0.35","0.35","0.35","0.35","0.35","0.35","0.35","0.35","0.35","0.35","0.35","0.35","0.35","0","0.4","0.4","0.4","0","0.4","0.4","0.4","0.4","0.4","0.4","0.4","0.4","0.4","0.4","0.4","0.4","0.4","0.4","0.4","0.4","0.4","0.4","0.4","0.4","0.4","0.4","0.4","0.4","0.4"
TaxEffectOfUnusualItems,"0","0","0","0","0","0","0","0","-4,201.937","9,696.162","0","0","-56,970","-6,480","-48,870","-248,940","-325,080","-471,690","-1,334,000","-304,800","287,200","-50,800","-144,000","-76,740.985","502,000","-99,123.526","-630,000","7,490","105,057.2","-440,496.4","47,390.7","108,518.2","18,593.75","-59,113.95","-629.501","5,037.777","6,227.83","-458,133.9","-17,340.276","69,589.099","-59,414.25","33,275.9","0","0","-191,201.85","-297,759","0","0","0","0","1,043","0","0","0","0","0","0","0","0","0","0","0","0","0","0","0","0","0","0","0","0","0","95,550","226,207.6","206,337.6","-98,374.4","-1,003,301.2","-383,740.8","0","0","0","0","0","0","-2,537.2","4,085.2","-10,237.6","-7,350.4","5,190.8","-11,202","-6,900.4","-13,256.8"