name,ttm,03/31/2022,12/31/2021,09/30/2021,06/30/2021,03/31/2021,12/31/2020,09/30/2020,06/30/2020,03/31/2020,12/31/2019,09/30/2019,06/30/2019,03/31/2019,12/31/2018,09/30/2018,06/30/2018,03/31/2018,12/31/2017,09/30/2017,06/30/2017,03/31/2017,12/31/2016,09/30/2016,06/30/2016,03/31/2016,12/31/2015,09/30/2015,06/30/2015,03/31/2015,12/31/2014,09/30/2014,06/30/2014,03/31/2014,12/31/2013,09/30/2013,06/30/2013,03/31/2013,12/31/2012,09/30/2012,06/30/2012,03/31/2012,12/31/2011,09/30/2011,06/30/2011,03/31/2011,12/31/2010,09/30/2010,06/30/2010,03/31/2010,12/31/2009,09/30/2009,06/30/2009,03/31/2009,12/31/2008,09/30/2008,06/30/2008,03/31/2008,12/31/2007,09/30/2007,06/30/2007,03/31/2007,12/31/2006,09/30/2006,06/30/2006,03/31/2006,12/31/2005,09/30/2005,06/30/2005
TotalRevenue,"221,626,000","52,302,000","56,440,000","56,693,000","56,191,000","53,284,000","48,360,835","11,172,084","9,389,006","9,774,075","9,242,066","9,583,334","8,463,588","6,652,912","5,690,898","5,285,355","4,627,011","4,023,189","3,322,000","3,002,655","2,917,378","2,712,234","2,228,879","1,976,826","1,917,566","1,555,545","1,458,563","1,437,028","1,431,063","1,198,544","975,188","825,000","936,588","834,826","757,327","579,827","487,963","368,490","307,153","233,597","191,299","176,919","144,254","110,713","123,751","100,066","99,569","124,409","151,460","75,068","20,707","8,478","13,703","6,511","9,207","5,982","13,424","35,898","9,678","32,447","5,541","12,497","27,931","8,214","18,462","-5,143","11,225","23,723","122,493"
	OperatingRevenue,"221,626,000","52,302,000","56,440,000","56,693,000","56,191,000","53,284,000","48,360,835","11,172,084","9,389,006","9,774,075","9,242,066","9,583,334","8,463,588","6,652,912","5,690,898","5,285,355","4,627,011","4,023,189","3,322,000","3,002,655","2,917,378","2,712,234","2,228,879","1,976,826","1,917,566","1,555,545","1,458,563","1,437,028","1,431,063","1,198,544","975,188","825,000","936,588","834,826","757,327","579,827","487,963","368,490","307,153","233,597","191,299","176,919","144,254","110,713","123,751","100,066","99,569","124,409","151,460","75,068","20,707","8,478","13,703","6,511","9,207","5,982","13,424","35,898","9,678","32,447","5,541","12,497","27,931","8,214","18,462","-5,143","11,225","23,723","122,493"
CostOfRevenue,"127,258,000","29,961,000","33,327,000","33,180,000","30,789,000","28,734,000","28,467,048","5,116,831","4,262,010","4,516,111","4,309,757","4,956,277","4,125,199","3,199,011","2,874,710","2,549,348","2,123,304","1,838,826","1,608,750","1,396,158","1,524,189","1,458,737","1,288,048","1,179,991","1,135,616","973,738","1,074,281","1,000,715","943,151","828,465","740,651","600,042","597,233","691,676","590,266","507,725","433,321","520,970","368,795","344,440","353,618","329,928","344,702","363,550","354,280","273,713","256,523","378,217","394,535","258,848","132,418","177,267","149,177","126,618","166,203","134,953","118,378","135,021","101,439","82,709","68,307","59,124","45,041","33,434","39,340","13,545","47,513","110,636","143,956"
GrossProfit,"94,368,000","22,341,000","23,113,000","23,513,000","25,402,000","24,550,000","19,893,787","6,055,253","5,126,996","5,257,964","4,932,309","4,627,057","4,338,389","3,453,901","2,816,188","2,736,007","2,503,707","2,184,363","1,713,250","1,606,497","1,393,189","1,253,497","940,831","796,835","781,950","581,807","384,282","436,313","487,912","370,079","234,537","224,958","339,355","143,150","167,061","72,102","54,642","-152,480","-61,642","-110,843","-162,319","-153,009","-200,448","-252,837","-230,529","-173,647","-156,954","-253,808","-243,075","-183,780","-111,711","-168,789","-135,474","-120,107","-156,996","-128,971","-104,954","-99,123","-91,761","-50,262","-62,766","-46,627","-17,110","-25,220","-20,878","-18,688","-36,288","-86,913","-21,463"
OperatingExpense,"118,874,000","30,160,000","31,476,000","28,089,000","29,150,000","25,692,000","29,739,678","16,787,690","10,972,437","8,844,195","5,810,660","16,978,807","6,642,787","5,594,447","5,036,053","4,897,267","4,968,892","3,982,668","3,984,425","3,594,617","3,257,083","3,022,810","2,942,735","2,957,667","2,761,205","3,205,925","3,063,137","2,258,067","2,104,081","2,063,096","1,591,784","1,599,987","1,507,094","1,417,712","1,424,052","1,358,849","1,314,717","1,528,599","1,487,361","1,442,989","1,378,224","1,318,116","1,861,026","1,689,161","1,729,552","1,289,598","1,185,788","1,228,818","1,065,386","1,129,720","779,469","872,259","816,034","564,728","563,962","885,144","670,831","1,031,909","502,687","558,162","623,142","375,788","328,241","1,060,010","222,417","309,751","234,896","384,808","348,118"
	SellingGeneralAndAdministration,"102,797,000","26,622,000","27,586,000","23,901,000","24,688,000","21,388,000","26,246,565","14,475,972","9,025,994","7,111,469","4,741,075","15,338,279","6,101,854","5,104,851","4,437,292","4,433,906","4,520,301","3,652,938","3,604,110","3,249,819","3,026,347","2,772,967",,"2,742,987","2,625,406","3,061,447","2,835,372","2,157,771","2,026,357","1,978,091","1,492,732","1,510,708","1,427,850","1,338,170","1,305,562","1,240,413","1,222,074","1,408,184","1,392,937","1,341,333","1,269,272","1,172,904","1,740,324","1,564,456","1,628,322","1,182,124","1,080,768","1,114,304","943,265","1,115,090","690,043","779,193","728,309","496,886","550,670","779,691","560,040","957,311","461,358","536,449","594,555","347,524","308,337","1,040,060","203,308","256,493","178,222","319,610","268,764"
		GeneralAndAdministrativeExpense,,,,,,,,"10,794,110","5,733,149","4,030,042","2,132,865","9,376,686","3,258,781","2,696,859","2,447,962","2,613,476","2,668,845","2,068,510","2,031,446","1,896,845","1,789,514","1,703,032","1,697,373","1,507,634","1,429,768","1,814,421",,,,,,,,,,,,,,,,,,,,,,,,,,,,,,,,,,,,,,,,,,,
			OtherGandA,,,,,,,,"10,794,110","5,733,149","4,030,042","2,132,865","9,376,686","3,258,781","2,696,859","2,447,962","2,613,476","2,668,845","2,068,510","2,031,446","1,896,845","1,789,514","1,703,032",,"1,507,634","1,429,768","1,814,421",,,,,,,,,,,,,,,,,,,,,,,,,,,,,,,,,,,,,,,,,,,
		SellingAndMarketingExpense,,,,,,,,"3,681,862","3,292,845","3,081,427","2,608,210","5,961,593","2,843,073","2,407,992","1,989,330","1,820,430","1,851,456","1,584,428","1,572,664","1,352,974","1,236,833","1,069,935","1,142,213","1,235,353","1,195,638","1,247,026",,,,,,,,,,,,,,,,,,,,,,,,,,,,,,,,,,,,,,,,,,,
	ResearchAndDevelopment,"16,077,000","3,538,000","3,890,000","4,188,000","4,462,000","4,304,000","3,493,113","2,311,718","1,946,443","1,732,726","1,069,585","1,640,528","540,933","489,596","598,761","463,361","448,591","329,730","380,315","344,798","230,736","249,843","103,149","214,680","135,799","144,478","227,765","100,296","77,724","85,005","99,052","89,279","79,244","79,542","118,490","118,436","92,643","120,415","94,424","101,656","108,952","145,212","120,702","124,705","101,230","107,474","105,020","114,514","122,121","14,630","89,426","93,066","87,725","67,842","13,292","105,453","110,791","74,598","41,329","21,713","28,587","28,894","19,904","19,950","19,109","53,261","56,674","65,198","79,354"
OperatingIncome,"-24,506,000","-7,819,000","-8,363,000","-4,576,000","-3,748,000","-1,142,000","-9,845,891","-10,732,437","-5,845,441","-3,586,231","-878,351","-12,351,750","-2,304,398","-2,140,546","-2,219,865","-2,161,260","-2,465,185","-1,798,305","-2,271,175","-1,988,120","-1,863,894","-1,769,313","-2,001,904","-2,160,832","-1,979,255","-2,624,118","-2,678,855","-1,821,754","-1,616,169","-1,693,017","-1,357,247","-1,375,029","-1,167,739","-1,274,562","-1,256,991","-1,286,747","-1,260,075","-1,681,079","-1,549,003","-1,553,832","-1,540,543","-1,471,125","-2,061,474","-1,941,998","-1,960,081","-1,463,245","-1,342,742","-1,482,626","-1,308,461","-1,313,500","-891,180","-1,041,048","-951,508","-684,835","-720,958","-1,014,115","-775,785","-1,131,032","-594,448","-608,424","-685,908","-422,415","-345,351","-1,085,230","-243,295","-328,439","-271,184","-471,721","-369,581"
NetNonOperatingInterestIncomeExpense,"-4,970,000","-1,491,000","-1,126,000","-1,189,000","-1,164,000","-1,210,000","-1,077,751","-1,081,542","-398,256","-2,451","-445,876","-248,410","-333,910","-338,728","-69,253","0",,,"0","0","-26","-15,667","-17,675","-19,305","-21,242","-81,194","-79,946","-601,002","-303,800","-242,678","-48,605","-7,854","-1,128,878","-157,673","-31,786","-512,776","-82,219","-24,606","-11,896","-11,759","-24,599","-208,284","-78,276","-102,797","-126,456","-166,502","-147,881","-153,540","-135,271","-1,714,475","-1,166,503","-1,607,826","-1,818,717","-738,302","-733,123",,,,,,,,,,,,,,
	InterestIncomeNonOperating,,,,,,,,,,,,,,,,,,,,,,,,,,,,,,,,,,,,,,"0","0","0","0","-573","698","4,960","6,855","4,675","3,547","3,912","3,437","1,616","2,834","2,233","1,481","1,866","6,224",,,,,,,,,,,,,,
	InterestExpenseNonOperating,"4,970,000","1,491,000","1,126,000","1,189,000","1,164,000","1,210,000","1,077,751","1,081,542","398,256","2,451","445,876","248,410","333,910","338,728","69,253","0",,,"0","0","26","15,667",,"19,305","21,242","81,194","79,946","601,002","303,800","242,678","48,605","7,854","1,128,878","157,673","31,786","512,776","82,219","24,606","11,896","11,759","24,599","207,711","78,974","107,757","133,311","171,177","151,428","157,452","138,708","1,716,091","1,169,337","1,610,059","1,820,198","740,168","739,347",,,,,,,,,,,,,,
OtherIncomeExpense,"-254,940,000","-3,753,000","-251,473,000","263,000","22,000","-137,000","-704,691","367,093","490,784","-321,186","427,653","133,499","119,441","91,472","35,068","19,675","7,120","-883,642","2,418","8,456","3,463","0","-2,263,964","-1,453","-1,931,733","-4,872","-1,347","-2,707","-975","-1,437","-1,906","-1,876","953","-8,075","-551,554","-13,160,125","18,757","-11,226","-6,112","14,489","19,335","10,010","60,185","14,685","34,283","-227,270","33,987","126,345","116,528","2,461,790","4,508,352","-4,535,848","3,133,501","-4,035,359","0","91,727","-6,902,941","0","0","0","0",,"0","0","0","0","0",,"0"
	GainOnSaleOfSecurity,"4,119,000","1,264,000","1,635,000","851,000","368,000","398,000","150,000",,,,,,,,"0",,,"-899,410",,,,,,,"-1,929,818",,,,,,,,,"3","1,196","892","18,757","-11,226","-6,112","14,489","19,335","10,010","60,185","14,685","34,283","-227,270","33,987",,,,,,,,,,,,,,,,,,,,,,
	SpecialIncomeCharges,,,"-251,754,000",,,,,,,,,,,,,,,"-899,410","2,418","8,456","3,463","0",,"-1,453","-1,931,733","-4,872","-1,347","-2,707","-975","-1,437","-1,906",,"953","-8,078","-552,750","-13,161,017",,,,,,,,,,"0","0","126,345","116,528","-3,115,189","4,508,352","-4,535,848","3,133,501","-4,035,359","0","91,727","-6,902,941",,,,,,,,,,,,
		OtherSpecialCharges,,,"251,754,000",,,,,,,,,,,,,,,,"-2,418","-8,456","-3,463",,,,"1,931,733",,,,,"1,437","1,906",,,"8,078","552,750","13,161,017",,,,,,,,,,,,"-126,345","-116,528",,"-4,508,352","4,535,848","-3,134,298",,,,,,,,,,,,,,,,
		GainOnSaleOfPPE,,,,,,,,,,,,,,,,,,,,,,,,,,,,,,,,,,,,,,,,,,,,,,"0","0","0","0","-8,387","0","0","-797",,,,,,,,,,,,,,,,
	OtherNonOperatingIncomeExpenses,"-7,305,000","-5,017,000","-1,354,000","-588,000","-346,000","-535,000","-1,465,691","367,093","490,784","-321,186","427,653","133,499","119,441","91,472","35,068","19,675","7,120","15,768","2,418","8,456","3,463",,,"-1,453","-1,915","-4,872","-1,347","-2,707","-975","-1,437","-1,906","-1,876","953","-8,078","-552,750","-13,161,017",,,,,,,,,,,,,,,,,,,,,,,,,,,,,,,,,
PretaxIncome,"-284,416,000","-13,063,000","-260,962,000","-5,502,000","-4,890,000","-2,489,000","-11,628,333","-11,446,886","-5,752,913","-3,909,868","-896,574","-12,466,661","-2,518,867","-2,387,802","-2,254,050","-2,141,585","-2,458,065","-2,681,947","-2,268,757","-1,979,664","-1,860,457","-1,784,980","-4,283,543","-2,181,590","-3,932,230","-2,710,184","-2,760,148","-2,425,463","-1,920,944","-1,937,132","-1,407,758","-1,384,759","-2,295,664","-1,440,310","-1,840,331","-14,959,648","-1,323,537","-1,716,911","-1,567,011","-1,551,102","-1,545,807","-1,669,399","-2,079,565","-2,030,110","-2,052,254","-1,857,017","-1,456,636","-1,509,821","-1,327,204","-566,185","2,450,669","-7,184,722","363,276","-5,458,496","-1,454,081","-1,569,293","-8,221,681","-1,972,283","-1,217,193","-629,070","-743,908","-545,122","-399,348","-1,110,617","-269,571","-348,983","-288,469","-492,917","-390,934"
TaxProvision,"989,000","341,000","-876,000","1,024,000","499,000","1,038,000","-98,793","-29,065","49,833","33,025","50,965","1,886","9,624","-900","4,214","2,102","12,825","813","912","0","0","4,231",,"2,878","2,484","0","305","0","3,320","0","0","0","1,600","1,600","0","0","0","0","0","1,600","0","0","0","0","1,600","0","0","0","1,600","0","0","1,600","0","800","0",,"800","0",,,"1,600",,,,,,,,
NetIncomeCommonStockholders,"-293,405,000","-15,404,000","-262,086,000","-8,526,000","-7,389,000","-5,723,000","-53,865,540","-11,417,821","-5,802,746","-3,942,893","-947,539","-12,468,547","-2,528,491","-2,386,902","-2,258,264","-2,143,687","-2,470,890","-2,682,760","-2,269,669","-1,979,664","-1,860,457","-1,789,211",,"-2,184,468","-3,934,714","-2,785,644","-2,999,842","-2,664,851","-6,607,102","-3,950,128","-1,995,972","-3,183,660","-3,066,773","-1,441,910","-1,840,331","-14,959,648","-1,323,537","-1,716,911","-1,567,011","-1,552,702","-1,545,807","-1,669,399","-2,079,565","-2,030,110","-2,053,854","-1,857,017","-1,456,636","-1,509,821","-1,328,804","-566,185","2,450,669","-7,186,322","363,276","-5,459,296","-1,454,081","-1,569,293","-8,222,481","-1,972,283","-1,217,193","-629,070","-745,508","-546,722","-399,348","-1,110,617","-269,571","-349,783","-288,469","-492,917","-390,934"
	NetIncome,"-285,405,000","-13,404,000","-260,086,000","-6,526,000","-5,389,000","-3,527,000","-11,529,540","-11,417,821","-5,802,746","-3,942,893","-947,539","-12,468,547","-2,528,491","-2,386,902","-2,258,264","-2,143,687","-2,470,890","-2,682,760","-2,269,669","-1,979,664","-1,860,457","-1,789,211","-4,283,854","-2,184,468","-3,934,714","-2,710,184","-2,760,453","-2,425,463","-1,924,264","-1,937,132","-1,407,758","-1,384,759","-2,297,264","-1,441,910","-1,840,331","-14,959,648","-1,323,537","-1,716,911","-1,567,011","-1,552,702","-1,545,807","-1,669,399","-2,079,565","-2,030,110","-2,053,854","-1,857,017","-1,456,636","-1,509,821","-1,328,804","-566,185","2,450,669","-7,186,322","363,276","-5,459,296","-1,454,081","-1,569,293","-8,222,481","-1,972,283","-1,217,193","-629,070","-745,508","-546,722","-399,348","-1,110,617","-269,571","-349,783","-288,469","-492,917","-390,934"
		NetIncomeIncludingNoncontrollingInterests,"-285,405,000","-13,404,000","-260,086,000","-6,526,000","-5,389,000","-3,527,000","-11,529,540","-11,417,821","-5,802,746","-3,942,893","-947,539","-12,468,547","-2,528,491","-2,386,902","-2,258,264","-2,143,687","-2,470,890","-2,682,760","-2,269,669","-1,979,664","-1,860,457","-1,789,211","-4,283,854","-2,184,468","-3,934,714","-2,710,184","-2,760,453","-2,425,463","-1,924,264","-1,937,132","-1,407,758","-1,384,759","-2,297,264","-1,441,910","-1,840,331","-14,959,648","-1,323,537","-1,716,911","-1,567,011","-1,552,702","-1,545,807","-1,669,399","-2,079,565","-2,030,110","-2,053,854","-1,857,017","-1,456,636","-1,509,821","-1,328,804","-566,185","2,450,669","-7,186,322","363,276","-5,459,296","-1,454,081","-1,569,293","-8,222,481","-1,972,283","-1,217,193","-629,070","-745,508","-546,722","-399,348","-1,110,617","-269,571","-349,783","-288,469","-492,917","-390,934"
			NetIncomeContinuousOperations,"-285,405,000","-13,404,000","-260,086,000","-6,526,000","-5,389,000","-3,527,000","-11,529,540","-11,417,821","-5,802,746","-3,942,893","-947,539","-12,468,547","-2,528,491","-2,386,902","-2,258,264","-2,143,687","-2,470,890","-2,682,760","-2,269,669","-1,979,664","-1,860,457","-1,789,211","-4,283,854","-2,184,468","-3,934,714","-2,710,184","-2,760,453","-2,425,463","-1,924,264","-1,937,132","-1,407,758","-1,384,759","-2,297,264","-1,441,910","-1,840,331","-14,959,648","-1,323,537","-1,716,911","-1,567,011","-1,552,702","-1,545,807","-1,669,399","-2,079,565","-2,030,110","-2,053,854","-1,857,017","-1,456,636","-1,509,821","-1,328,804","-566,185","2,450,669","-7,186,322","363,276","-5,459,296","-1,454,081","-1,569,293","-8,222,481","-1,972,283","-1,217,193","-629,070","-745,508","-546,722","-399,348","-1,110,617","-269,571","-349,783","-288,469","-492,917","-390,934"
	PreferredStockDividends,"8,000,000","2,000,000","2,000,000","2,000,000","2,000,000","2,196,000","42,336,000",,,,,,,,,,,,"0","0","0","0",,,"0","75,460","239,389","239,388","208,490","110,427","95,304","71,874","27,723",,,,,,,,,,,,,,,,,,,,,,,,,,,,,,,,,,,,
	OtherunderPreferredStockDividend,,,,,,,,,,,,,,,,,,,"0",,,,,,"0","0","0","0","4,474,348","1,902,569","492,910","1,727,027","741,786",,,,,,,,,,,,,,,,,,,,,,,,,,,,,,,,,,,,
DilutedNIAvailtoComStockholders,"-293,405,000","-15,404,000","-262,086,000","-8,526,000","-7,389,000","-5,723,000","-53,865,540","-11,417,821","-5,802,746","-3,942,893","-947,539","-12,468,547","-2,528,491","-2,386,902","-2,258,264","-2,143,687","-2,470,890","-2,682,760","-2,269,669","-1,979,664","-1,860,457","-1,789,211",,"-2,184,468","-3,934,714","-2,785,644","-2,999,842","-2,664,851","-6,607,102","-3,950,128","-1,995,972","-3,183,660","-3,066,773","-1,441,910","-1,840,331","-14,959,648","-1,323,537","-1,716,911","-1,567,011","-1,552,702","-1,545,807","-1,669,399","-2,079,565","-2,030,110","-2,053,854","-1,857,017","-1,456,636","-1,509,821","-1,328,804","-566,185","2,450,669","-7,186,322","363,276","-5,459,296","-1,454,081","-1,569,293","-8,222,481","-1,972,283","-1,217,193","-629,070","-745,508","-546,722","-399,348","-1,110,617","-269,571","-349,783","-288,469","-492,917","-390,934"
BasicEPS,,"-0.31","-5.46","-0.18","-0.16","-0.13","-1.32","-0.29","-0.15","-0.11","-0.03","-0.35","-0.08","-0.08","-0.08","-0.07","-0.09","-0.1","-0.09","-0.08","-0.08","-0.1",,"-0.14","-0.28","-0.243","-0.392","-0.383","-1.222","-0.734","-0.336","-0.56","-0.56","-0.224","-0.336","-4.254","-0.336",,"-0.448","-0.448","-0.448",,"-0.784","-0.784","-0.784",,"-1.232","-1.679","-1.791",,"5.598","-17.913","1.12",,"-4.478","-4.478","-22.391",,"-3.359","-2.239","-2.239",,"-1.12","-4.478","-1.12",,"-1.12","-2.239","-1.12"
DilutedEPS,,"-0.31","-5.46","-0.18","-0.16","-0.13","-1.32","-0.29","-0.15","-0.11","-0.03","-0.35","-0.08","-0.08","-0.08","-0.07","-0.09","-0.1","-0.09","-0.08","-0.08","-0.1",,"-0.14","-0.28","-0.243","-0.392","-0.383","-1.222","-0.734","-0.336","-0.56","-0.56","-0.224","-0.336","-4.254","-0.336",,"-0.448","-0.448","-0.448",,"-0.784","-0.784","-0.784",,"-1.232","-1.679","-1.791",,"2.911","-17.913","1.12",,"-4.478","-4.478","-22.391",,"-3.359","-2.239","-2.239",,"-1.12","-4.478","-1.12",,"-1.12","-2.239","-1.12"
BasicAverageShares,,"49,660,579","48,026,343","46,137,147","45,757,532","43,804,483","40,902,343","39,144,916","38,281,087","37,548,549","36,196,524","35,674,162","31,176,166","30,441,996","29,454,077","28,769,867","27,808,873","26,774,179","25,545,645","24,632,169","23,965,825","17,604,283",,"15,120,479","14,199,742","11,363,078","7,744,166","6,972,440","5,418,927","5,399,102","5,364,425","5,363,629","5,358,304","5,320,849","5,269,564","3,493,412","3,399,808",,"3,372,816","3,372,816","3,372,816",,"2,523,019","2,498,073","2,473,334",,"1,211,637","917,204","727,651",,"438,722","412,258","383,541",,"368,078","367,711","366,377",,"356,061","354,797","338,438",,"270,598","270,103","268,769",,"267,359","266,667","265,573"
DilutedAverageShares,,"49,660,579","48,026,343","46,137,147","45,757,532","43,804,483","40,902,343","39,144,916","38,281,087","37,548,549","36,196,524","35,674,162","31,176,166","30,441,996","29,454,077","28,769,867","27,808,873","26,774,179","25,545,645","24,632,169","23,965,825","17,604,283",,"15,120,479","14,199,742","11,363,078","7,744,166","6,972,440","5,418,927","5,399,102","5,364,425","5,363,629","5,358,304","5,320,849","5,269,564","3,493,412","3,399,808",,"3,372,816","3,372,816","3,372,816",,"2,523,019","2,498,073","2,473,334",,"1,211,637","917,204","727,651",,"587,492","412,258","415,908",,"368,078","367,711","366,377",,"356,061","354,797","338,438",,"270,598","270,103","268,769",,"267,359","266,667","265,573"
TotalOperatingIncomeAsReported,"-24,506,000","-7,819,000","-8,363,000","-4,576,000","-3,748,000","-1,142,000","-9,845,891","-10,732,437","-5,845,441","-3,586,231","-878,351","-12,351,750","-2,304,398","-2,140,546","-2,219,865","-2,161,260","-2,465,185","-1,798,305","-2,271,175","-1,988,120","-1,863,894","-1,769,313",,"-2,160,832","-1,979,255","-2,624,118","-2,678,855","-1,821,754","-1,616,169","-1,693,017","-1,357,247","-1,375,029","-1,167,739","-1,274,562","-1,256,991","-1,286,747","-1,260,075","-1,681,079","-1,549,003","-1,553,832","-1,540,543","-1,471,125","-2,061,474","-1,941,998","-1,960,081","-1,463,245","-1,342,742","-1,482,626","-1,308,461","-1,313,500","-891,180","-1,041,048","-951,508","-684,835","-720,958","-1,014,115","-775,785","-1,131,032","-594,448","-608,424","-685,908","-422,415","-345,351","-1,085,230","-243,295","-328,439","-271,184","-471,721","-369,581"
TotalExpenses,"246,132,000","60,121,000","64,803,000","61,269,000","59,939,000","54,426,000","58,206,726","21,904,521","15,234,447","13,360,306","10,120,417","21,935,084","10,767,986","8,793,458","7,910,763","7,446,615","7,092,196","5,821,494","5,593,175","4,990,775","4,781,272","4,481,547","4,230,783","4,137,658","3,896,821","4,179,663","4,137,418","3,258,782","3,047,232","2,891,561","2,332,435","2,200,029","2,104,327","2,109,388","2,014,318","1,866,574","1,748,038","2,049,569","1,856,156","1,787,429","1,731,842","1,648,044","2,205,728","2,052,711","2,083,832","1,563,311","1,442,311","1,607,035","1,459,921","1,388,568","911,887","1,049,526","965,211","691,346","730,165","1,020,097","789,209","1,166,930","604,126","640,871","691,449","434,912","373,282","1,093,444","261,757","323,296","282,409","495,444","492,074"
NetIncomeFromContinuingAndDiscontinuedOperation,"-285,405,000","-13,404,000","-260,086,000","-6,526,000","-5,389,000","-3,527,000","-11,529,540","-11,417,821","-5,802,746","-3,942,893","-947,539","-12,468,547","-2,528,491","-2,386,902","-2,258,264","-2,143,687","-2,470,890","-2,682,760","-2,269,669","-1,979,664","-1,860,457","-1,789,211","-4,283,854","-2,184,468","-3,934,714","-2,710,184","-2,760,453","-2,425,463","-1,924,264","-1,937,132","-1,407,758","-1,384,759","-2,297,264","-1,441,910","-1,840,331","-14,959,648","-1,323,537","-1,716,911","-1,567,011","-1,552,702","-1,545,807","-1,669,399","-2,079,565","-2,030,110","-2,053,854","-1,857,017","-1,456,636","-1,509,821","-1,328,804","-566,185","2,450,669","-7,186,322","363,276","-5,459,296","-1,454,081","-1,569,293","-8,222,481","-1,972,283","-1,217,193","-629,070","-745,508","-546,722","-399,348","-1,110,617","-269,571","-349,783","-288,469","-492,917","-390,934"
NormalizedIncome,"-136,824,000","-14,162,400","-10,806,602.103","-7,147,230","-5,657,640","-3,817,540","-11,529,540","-11,417,821","-5,802,746","-3,942,893","-947,539","-12,468,547","-2,528,491","-2,386,902","-2,258,264","-2,143,687","-2,470,890","-2,026,190.7","-2,269,669","-1,979,664","-1,860,457","-1,789,211","-4,283,854","-2,184,468","-2,776,823.2","-2,710,184","-2,760,453","-2,425,463","-1,924,264","-1,937,132","-1,407,758","-1,384,759","-2,297,264","-1,441,911.95","-1,841,527","-14,960,540","-1,342,294","-1,705,685","-1,560,899","-1,562,119.85","-1,565,142","-1,679,409","-2,139,750","-2,044,795","-2,076,137.95","-1,629,747","-1,490,623","-1,636,166","-1,404,547.2","-3,027,975","-2,057,683","-4,238,020.8","-2,770,225","-2,836,312.65","-1,454,081","-1,661,020","-3,735,569.35","-1,972,283","-1,217,193","-629,070","-745,508","-546,722","-399,348","-1,110,617","-269,571","-349,783","-288,469","-492,917","-390,934"
InterestIncome,,,,,,,,,,,,,,,,,,,,,,,,,,,,,,,,,,,,,,"0","0","0","0","-573","698","4,960","6,855","4,675","3,547","3,912","3,437","1,616","2,834","2,233","1,481","1,866","6,224","11,194","12,814",,,,,,,,,,,,
InterestExpense,"4,970,000","1,491,000","1,126,000","1,189,000","1,164,000","1,210,000","1,077,751","1,081,542","398,256","2,451","445,876","248,410","333,910","338,728","69,253","0",,,"0","0","26","15,667","17,675","19,305","21,242","81,194","79,946","601,002","303,800","242,678","48,605","7,854","1,128,878","157,673","31,786","512,776","82,219","24,606","11,896","11,759","24,599","207,711","78,974","107,757","133,311","171,177","151,428","157,452","138,708","1,716,091","1,169,337","1,610,059","1,820,198","740,168","739,347","658,099","555,769","891,327","622,745","20,646","58,000",,"53,997","25,387","26,276","20,544","17,285",,"21,353"
NetInterestIncome,"-4,970,000","-1,491,000","-1,126,000","-1,189,000","-1,164,000","-1,210,000","-1,077,751","-1,081,542","-398,256","-2,451","-445,876","-248,410","-333,910","-338,728","-69,253","0",,,"0","0","-26","-15,667","-17,675","-19,305","-21,242","-81,194","-79,946","-601,002","-303,800","-242,678","-48,605","-7,854","-1,128,878","-157,673","-31,786","-512,776","-82,219","-24,606","-11,896","-11,759","-24,599","-208,284","-78,276","-102,797","-126,456","-166,502","-147,881","-153,540","-135,271","-1,714,475","-1,166,503","-1,607,826","-1,818,717","-738,302","-733,123","-646,905","-542,955","-841,251","-622,745","-20,646","-58,000",,"-53,997","-25,387","-26,276","-20,544","-17,285",,"-21,353"
EBIT,"-279,446,000","-11,572,000","-259,836,000","-4,313,000","-3,726,000","-1,279,000","-10,550,582","-10,365,344","-5,354,657","-3,907,417","-450,698","-12,218,251","-2,184,957","-2,049,074","-2,184,797","-2,141,585","-2,465,185","-1,798,305","-2,268,757","-1,979,664","-1,860,431","-1,769,313",,"-2,162,285","-3,910,988","-2,628,990","-2,680,202","-1,824,461","-1,617,144","-1,694,454","-1,359,153","-1,376,905","-1,166,786","-1,282,637","-1,808,545","-14,446,872","-1,241,318","-1,692,305","-1,555,115","-1,539,343","-1,521,208","-1,461,688","-2,000,591","-1,922,353","-1,918,943","-1,685,840","-1,305,208","-1,352,369","-1,188,496","1,149,906","3,620,006","-5,574,663","2,183,474","-4,718,328","-714,734","-1,014,115","-775,785","-1,131,032","-594,448","-608,424","-685,908","-422,415","-345,351","-1,085,230","-243,295","-328,439","-271,184","-471,721","-369,581"
EBITDA,"-258,671,000"
ReconciledCostOfRevenue,"127,258,000","29,961,000","33,327,000","33,180,000","30,789,000","28,734,000","28,467,048","5,116,831","4,262,010","4,516,111","4,309,757","4,956,277","4,125,199","3,199,011","2,874,710","2,549,348","2,123,304","1,838,826","1,608,750","1,396,158","1,524,189","1,458,737","1,288,048","1,179,991","1,135,616","973,738","1,074,281","1,000,715","943,151","828,465","740,651","600,042","597,233","691,676","590,266","507,725","433,321","520,970","368,795","344,440","353,618","329,928","344,702","363,550","354,280","273,713","256,523","378,217","394,535","258,848","132,418","177,267","149,177","126,618","166,203","134,953","118,378","135,021","101,439","82,709","68,307","59,124","45,041","33,434","39,340","13,545","47,513","110,636","143,956"
ReconciledDepreciation,"20,775,000","5,365,000","5,303,000","5,157,000","4,950,000","4,837,000","7,369,913","830,377","844,281","824,429","825,051","792,916","496,690","300,565","264,746","214,000","191,359","187,834","172,851","184,075","176,354","131,551","102,680","100,770","97,847","72,904","72,298","48,353","45,673","42,712","50,040","50,046","55,140","53,401","79,199","89,547","89,443","86,697","90,331","121,902","95,029","92,292","88,686","83,160","78,891","69,182","66,599","56,761","52,935","48,605","38,623","31,363","31,502","29,623","-964,708","567,001","450,068","754,421","542,802","5,507","41,260","65,046","32,120","3,791","10,262","22,858","20,441","23,031","22,423"
NetIncomeFromContinuingOperationNetMinorityInterest,"-285,405,000","-13,404,000","-260,086,000","-6,526,000","-5,389,000","-3,527,000","-11,529,540","-11,417,821","-5,802,746","-3,942,893","-947,539","-12,468,547","-2,528,491","-2,386,902","-2,258,264","-2,143,687","-2,470,890","-2,682,760","-2,269,669","-1,979,664","-1,860,457","-1,789,211","-4,283,854","-2,184,468","-3,934,714","-2,710,184","-2,760,453","-2,425,463","-1,924,264","-1,937,132","-1,407,758","-1,384,759","-2,297,264","-1,441,910","-1,840,331","-14,959,648","-1,323,537","-1,716,911","-1,567,011","-1,552,702","-1,545,807","-1,669,399","-2,079,565","-2,030,110","-2,053,854","-1,857,017","-1,456,636","-1,509,821","-1,328,804","-566,185","2,450,669","-7,186,322","363,276","-5,459,296","-1,454,081","-1,569,293","-8,222,481","-1,972,283","-1,217,193","-629,070","-745,508","-546,722","-399,348","-1,110,617","-269,571","-349,783","-288,469","-492,917","-390,934"
TotalUnusualItemsExcludingGoodwill,"-247,635,000","1,264,000","-250,119,000","851,000","368,000","398,000","150,000",,,,,,,,"0",,,"-899,410","2,418","8,456","3,463","0",,"-1,453","-1,929,818","-4,872","-1,347","-2,707","-975","-1,437","-1,906",,"953","3","1,196","892","18,757","-11,226","-6,112","14,489","19,335","10,010","60,185","14,685","34,283","-227,270","33,987","126,345","116,528","2,461,790","4,508,352","-4,535,848","3,133,501","-4,035,359","0","91,727","-6,902,941",,,,,,,,,,,,
TotalUnusualItems,"-247,635,000","1,264,000","-250,119,000","851,000","368,000","398,000","150,000",,,,,,,,"0",,,"-899,410","2,418","8,456","3,463","0",,"-1,453","-1,929,818","-4,872","-1,347","-2,707","-975","-1,437","-1,906",,"953","3","1,196","892","18,757","-11,226","-6,112","14,489","19,335","10,010","60,185","14,685","34,283","-227,270","33,987","126,345","116,528","2,461,790","4,508,352","-4,535,848","3,133,501","-4,035,359","0","91,727","-6,902,941",,,,,,,,,,,,
NormalizedEBITDA,"-11,036,000","-7,471,000","-4,414,000","-7,000","856,000","3,160,000","-3,180,669","-9,534,967","-4,510,376","-3,082,988","374,353","-11,425,335","-1,688,267","-1,748,509","-1,920,051","-1,927,585","-2,273,826","-711,061","-2,095,906","-1,795,589","-1,684,077","-1,637,762","-4,163,188","-2,061,515","-1,883,323","-2,556,086","-2,607,904","-1,776,108","-1,571,471","-1,651,742","-1,309,113","-1,326,859","-1,111,646","-1,229,239","-1,730,542","-14,358,217","-1,170,632","-1,594,382","-1,458,672","-1,431,930","-1,445,514","-1,379,406","-1,972,090","-1,853,878","-1,874,335","-1,389,388","-1,272,596","-1,421,953","-1,252,089","-1,263,279","-849,723","-1,007,452","-918,525","-653,346","-714,734","-538,841","6,577,224","-376,611","-51,646","-602,917","-644,648","-357,369","-313,231","-1,081,439","-233,033","-305,581","-250,743","-448,690","-347,158"
TaxRateForCalcs,"0.4","0.4","0.003","0.27","0.27","0.27","0.008","0.003","0.27","0.27","0.27","0.27","0.27","0","0.27","0.27","0.27","0.27","0.4","0","0","0.4","0","0.4","0.4","0","0.4","0","0.4","0","0","0","0.35","0.35","0","0","0","0","0","0.35","0","0","0","0","0.35","0","0","0","0.35","0","0","0.35","0","0.35","0","0","0.35","0","0","0","0.35","0","0","0","0","0","0","0","0"
TaxEffectOfUnusualItems,"-99,054,000","505,600","-839,602.103","229,770","99,360","107,460","0","0","0","0","0","0","0","0","0","0","0","-242,840.7","0","0","0","0","0","0","-771,927.2","0","0","0","0","0","0","0","0","1.05","0","0","0","0","0","5,071.15","0","0","0","0","11,999.05","0","0","0","40,784.8","0","0","-1,587,546.8","0","-1,412,375.65","0","0","-2,416,029.35","0","0","0","0","0","0","0","0","0","0","0","0"