name,ttm,03/31/2022,12/31/2021,09/30/2021,06/30/2021,03/31/2021,12/31/2020,09/30/2020,06/30/2020,03/31/2020,12/31/2019,09/30/2019,06/30/2019,03/31/2019,12/31/2018,09/30/2018,06/30/2018,03/31/2018,12/31/2017,09/30/2017,06/30/2017,03/31/2017,12/31/2016,09/30/2016,06/30/2016,03/31/2016,12/31/2015,09/30/2015,06/30/2015,03/31/2015,12/31/2014,09/30/2014,06/30/2014,03/31/2014,12/31/2013,09/30/2013,06/30/2013,03/31/2013,12/31/2012,09/30/2012,06/30/2012,03/31/2012,12/31/2011,09/30/2011,06/30/2011,03/31/2011,12/31/2010,09/30/2010,06/30/2010,03/31/2010,12/31/2009,09/30/2009,06/30/2009,03/31/2009,12/31/2008,09/30/2008,06/30/2008,03/31/2008,12/31/2007,09/30/2007,06/30/2007,03/31/2007,12/31/2006,09/30/2006,06/30/2006,03/31/2006,12/31/2005,09/30/2005,06/30/2005,03/31/2005,12/31/2004,09/30/2004,06/30/2004,03/31/2004,12/31/2003,09/30/2003,06/30/2003,03/31/2003
TotalRevenue,"65,028,000","1,148,000","55,600,000","5,437,000","2,843,000","6,548,000","6,722,000","41,688,000","3,593,000","3,825,000","5,212,000","6,055,000","7,137,000","8,464,000","9,377,000","10,641,000","6,215,000","5,268,000","-18,000","6,180,000","3,053,000","4,153,000","33,138,000","59,047,000","5,802,000","8,421,000","9,757,000","7,945,000","6,542,000","4,414,000","21,758,000","9,415,000","7,788,000","7,979,000","24,349,000","4,469,000","1,009,000","821,000","2,184,000","1,714,000","1,841,000","1,820,000","757,000","1,427,000","1,053,000","763,000","1,099,000","394,000","462,000","621,000","1,023,000","5,506,000","71,930,000","3,078,000","3,152,000","3,125,000","3,074,000","3,069,000","3,110,000","4,130,000","3,177,000","3,205,000","155,000","106,000","1,446,000","1,420,000","2,144,000","1,855,000","2,341,000","2,572,000","2,226,000","2,449,000","2,900,000","5,867,000","2,644,000","2,644,000","2,554,000","2,749,000"
	OperatingRevenue,"65,028,000","1,148,000","55,600,000","5,437,000","2,843,000","6,548,000","6,722,000","41,688,000","3,593,000","3,825,000","5,212,000","6,055,000","7,137,000","8,464,000","9,377,000","10,641,000","6,215,000","5,268,000","-18,000","6,180,000","3,053,000","4,153,000","33,138,000","59,047,000","5,802,000","8,421,000","9,757,000","7,945,000","6,542,000","4,414,000","21,758,000","9,415,000","7,788,000","7,979,000","24,349,000","4,469,000","1,009,000","821,000","2,184,000","1,714,000","1,841,000","1,820,000","757,000","1,427,000","1,053,000","763,000","1,099,000","394,000","462,000","621,000","1,023,000","5,506,000","71,930,000","3,078,000","3,152,000","3,125,000","3,074,000","3,069,000","3,110,000","4,130,000","3,177,000","3,205,000","155,000","106,000","1,446,000","1,420,000","2,144,000","1,855,000","2,341,000","2,572,000","2,226,000","2,449,000","2,900,000","5,867,000","2,644,000","2,644,000","2,554,000","2,749,000"
CostOfRevenue,"174,312,000","45,935,000","43,498,000","48,436,000","36,443,000","31,561,000","29,221,000","24,202,000","21,790,000","21,738,000","18,334,000","20,229,000","24,017,000","23,545,000","23,277,000","21,391,000","21,582,000","22,135,000","26,251,000","24,947,000","19,809,000","19,289,000","17,301,000","19,340,000","9,723,000","13,534,000","13,249,000","11,557,000","12,636,000","8,956,000","8,779,000","11,420,000","11,737,000","12,490,000","13,824,000","13,445,000","12,347,000","9,834,000","35,643,000","0","0","0","0","0","0","0","0","0","0","0","0","0","0","0",,,,,,,,,,,,,,,,,,,,,,,,
GrossProfit,"-109,284,000","-44,787,000","12,102,000","-42,999,000","-33,600,000","-25,013,000","-22,499,000","17,486,000","-18,197,000","-17,913,000","-13,122,000","-14,174,000","-16,880,000","-15,081,000","-13,900,000","-10,750,000","-15,367,000","-16,867,000","-26,269,000","-18,767,000","-16,756,000","-15,136,000","15,837,000","39,707,000","-3,921,000","-5,113,000","-3,492,000","-3,612,000","-6,094,000","-4,542,000","12,979,000","-2,005,000","-3,949,000","-4,511,000","10,525,000","-8,976,000","-11,338,000","-9,013,000","-33,459,000","1,714,000","1,841,000","1,820,000","757,000","1,427,000","1,053,000","763,000","1,099,000","394,000","462,000","621,000","1,023,000","5,506,000","71,930,000","3,078,000","3,152,000","3,125,000","3,074,000","3,069,000","3,110,000","4,130,000","3,177,000",,"155,000","106,000","1,446,000","1,420,000","2,144,000",,"2,341,000","2,572,000","2,226,000",,"2,900,000","5,867,000",,,,
OperatingExpense,"114,275,000","33,070,000","33,806,000","26,202,000","21,197,000","15,598,000","13,908,000","12,302,000","14,161,000","12,449,000","10,584,000","9,753,000","9,836,000","9,437,000","7,558,000","7,164,000","8,046,000","9,264,000","10,258,000","9,657,000","8,438,000","8,115,000","6,674,000","7,217,000","7,090,000","6,841,000","5,529,000","5,276,000","4,495,000","4,367,000","4,558,000","3,993,000","4,458,000","4,259,000","4,093,000","3,635,000","3,730,000","3,634,000","-21,970,000","11,789,000","10,810,000","11,801,000","11,462,000","12,095,000","14,700,000","12,515,000","12,731,000","12,959,000","13,616,000","12,904,000","13,423,000","13,735,000","14,329,000","13,979,000","14,311,000","17,345,000","19,111,000","18,259,000","18,068,000","17,330,000","17,741,000","16,969,000","17,135,000","16,107,000","16,335,000","14,888,000","13,840,000","12,584,000","13,442,000","13,680,000","14,516,000","13,104,000","12,421,000","11,835,000",,,"7,286,000","7,756,000"
	SellingGeneralAndAdministration,"114,275,000","33,070,000","33,806,000","26,202,000","21,197,000","15,598,000","13,908,000","12,302,000","14,161,000","12,449,000","10,584,000","9,753,000","9,836,000","9,437,000","7,558,000","7,164,000","8,046,000","9,264,000","10,258,000","9,657,000","8,438,000","8,115,000","6,674,000","7,217,000","7,090,000","6,841,000","5,529,000","5,276,000","4,495,000","4,367,000","4,558,000","3,993,000","4,458,000","4,259,000","4,093,000","3,635,000","3,730,000","3,634,000","3,815,000","2,991,000","2,568,000","3,056,000","2,863,000","3,204,000","4,187,000","3,336,000","3,570,000","3,412,000","3,380,000","3,836,000","3,601,000","3,878,000","4,127,000","4,020,000","2,841,000","3,826,000","4,252,000","4,157,000","4,110,000","4,113,000","4,015,000","4,483,000","4,109,000","3,572,000","3,938,000","3,622,000","3,105,000","3,325,000","3,403,000","3,143,000","3,275,000","3,569,000","2,672,000","2,475,000",,,,
		GeneralAndAdministrativeExpense,"114,275,000","33,070,000","33,806,000","26,202,000","21,197,000","15,598,000","13,908,000","12,302,000","14,161,000","12,449,000","10,584,000","9,753,000","9,836,000","9,437,000","7,558,000","7,164,000","8,046,000","9,264,000","10,258,000","9,657,000","8,438,000","8,115,000","6,674,000","7,217,000","7,090,000","6,841,000","5,529,000","5,276,000","4,495,000","4,367,000","4,558,000","3,993,000","4,458,000","4,259,000","4,093,000","3,635,000","3,730,000","3,634,000","3,103,000","2,991,000","2,568,000","3,056,000",,"3,204,000","4,187,000","3,336,000","3,570,000","3,412,000","3,380,000","3,836,000","3,601,000","3,878,000","4,127,000","4,020,000",,,,,,,,,,,,,,,,,,,,,,,,
			OtherGandA,"114,275,000","33,070,000","33,806,000","26,202,000","21,197,000","15,598,000","13,908,000","12,302,000","14,161,000","12,449,000","10,584,000","9,753,000","9,836,000","9,437,000","7,558,000","7,164,000","8,046,000","9,264,000","10,258,000","9,657,000","8,438,000","8,115,000","6,674,000","7,217,000","7,090,000","6,841,000","5,529,000","5,276,000","4,495,000","4,367,000","4,558,000","3,993,000","4,458,000","4,259,000","4,093,000","3,635,000","3,730,000","3,634,000","3,103,000",,,,,,,,,,,,,,,,,,,,,,,,,,,,,,,,,,,,,,,
	ResearchAndDevelopment,,,"43,498,000","48,436,000","36,443,000","31,561,000","29,221,000","24,202,000","21,790,000","21,738,000","18,334,000","20,229,000","24,017,000","23,545,000","23,277,000","21,391,000","21,582,000","22,135,000","26,251,000","24,947,000","19,809,000","19,289,000","17,301,000","19,340,000","9,723,000","13,534,000","13,249,000","11,557,000","12,636,000","8,956,000","8,779,000","11,420,000","11,737,000","12,490,000","13,824,000","13,445,000","12,347,000","9,834,000","9,858,000","8,798,000","8,242,000","8,745,000","8,599,000","8,891,000","10,513,000","9,179,000","9,161,000","9,547,000","10,236,000","9,068,000","9,822,000","9,857,000","10,202,000","9,959,000","11,470,000","13,519,000","14,859,000","14,102,000","13,958,000","13,217,000","13,726,000","12,486,000","13,026,000","12,535,000","12,397,000","11,266,000","10,735,000","9,259,000","10,039,000","10,537,000","11,241,000","9,535,000","9,749,000","9,360,000",,,"7,286,000","7,756,000"
OperatingIncome,"-223,559,000","-77,857,000","-21,704,000","-69,201,000","-54,797,000","-40,611,000","-36,407,000","5,184,000","-32,358,000","-30,362,000","-23,706,000","-23,927,000","-26,716,000","-24,518,000","-21,458,000","-17,914,000","-23,413,000","-26,131,000","-36,527,000","-28,424,000","-25,194,000","-23,251,000","9,163,000","32,490,000","-11,011,000","-11,954,000","-9,021,000","-8,888,000","-10,589,000","-8,909,000","8,421,000","-5,998,000","-8,407,000","-8,770,000","6,432,000","-12,611,000","-15,068,000","-12,647,000","-11,489,000","-10,075,000","-8,969,000","-9,981,000","-10,705,000","-10,668,000","-13,647,000","-11,752,000","-11,632,000","-12,565,000","-13,154,000","-12,283,000","-12,400,000","-8,229,000","57,601,000","-10,901,000","-11,159,000","-14,220,000","-16,037,000","-15,190,000","-14,958,000","-13,200,000","-14,564,000","-13,764,000","-16,980,000","-16,001,000","-14,889,000","-13,468,000","-11,696,000","-10,729,000","-11,101,000","-11,108,000","-12,290,000","-10,655,000","-9,521,000","-5,968,000","-40,523,000","2,644,000","-4,732,000","-5,007,000"
NetNonOperatingInterestIncomeExpense,"-31,403,000","-8,895,000","-8,866,000","-6,885,000","-6,757,000","-6,493,000","-7,523,000","-8,359,000","-8,422,000","-9,043,000","-6,934,000","-5,646,000","-5,397,000","-4,848,000","-5,010,000","-4,103,000","-4,110,000","-4,150,000","-3,958,000","-3,933,000","-3,887,000","-2,616,000","-531,000","-603,000","-600,000","-501,000","-208,000","39,000","38,000","37,000","22,000","27,000","33,000","26,000","99,000","23,000","27,000","28,000","33,000","29,000","13,000","12,000","-189,000","29,000","15,000","40,000","19,000","48,000","10,000","94,000","21,000","6,000","-1,000","158,000",,,,,,,,,,,,,,,,,,,,,,,,
	InterestIncomeNonOperating,"456,000","415,000","-377,000","231,000","187,000","290,000","2,146,000","1,078,000","1,382,000","723,000","1,330,000","1,020,000","1,044,000","1,141,000","900,000","1,323,000","1,126,000","842,000","774,000","779,000","612,000","436,000","182,000","111,000","-600,000","-501,000","-208,000",,,,,,,,"99,000","24,000","27,000","28,000","33,000","30,000","13,000","15,000",,"36,000","29,000","55,000","39,000","61,000","71,000","163,000","113,000","112,000","110,000","258,000",,,,,,,,,,,,,,,,,,,,,,,,
	InterestExpenseNonOperating,"31,859,000","9,310,000","8,489,000","7,116,000","6,944,000","6,783,000","9,669,000","9,437,000","9,804,000","9,766,000","8,264,000","6,666,000","6,441,000","5,989,000","5,910,000","5,426,000","5,236,000","4,992,000","4,732,000","4,712,000","4,499,000","3,052,000","713,000","714,000","600,000","501,000","364,000","-39,000","-38,000","-37,000","86,000","-27,000","-33,000","-26,000","77,000","1,000","4,000","0","0","1,000","0","3,000","70,000","7,000","14,000","15,000","20,000","13,000","61,000","69,000","92,000","106,000","111,000","100,000",,,,,,,,,,,,,,,,,,,,,,,,
	TotalOtherFinanceCost,,,,,,,,,,,,,,,,,,,,,,,,,,,,"-39,000","-38,000","-37,000","-22,000","-27,000","-33,000","-26,000","-99,000","-23,000","-27,000","-28,000","-33,000","-29,000",,,,"-29,000","-15,000","-40,000",,"-48,000","-10,000","-94,000",,"-6,000",,,,,,,,,,,,,,,,,,,,,,,,,,
OtherIncomeExpense,,"-2,693,000",,,,,,,,,,,,,,,,,"0","0","0","0","0","0","0","0","0","0","0","0","0",,"0","0","0","0","0","0","0","2,000","13,000","41,000",,"0","0","0","0","0","0","0","-1,585,000","21,000","-1,641,000","58,000","19,000","-2,492,000",,,,,,,,,,,,,,,,,,,,,,
	SpecialIncomeCharges,,"-2,693,000",,,,,,,,,,,,,,,,,,,,,,,,,,,,,,,,,"0","0","0","0","0","2,000","13,000","41,000","-1,192,000","0","0","0","0","0","0","0","-1,585,000","21,000","-1,641,000","58,000","19,000","-2,492,000",,,,,,,,,,,,,,,,,,,,,,
		RestructuringAndMergernAcquisition,,,,,,,,,,,,,,,,,,,,,,,,,,,,,,,,,,,"0","0","0","0","0","-2,000","-13,000","-41,000","1,192,000","0","0","0","0","0","0","0","0","-21,000","56,000","-58,000","-19,000","2,492,000",,,,,,,,,,,,,,,,,,,,,,
		OtherSpecialCharges,,"2,693,000",,,,,,,,,,,,,,,,,,,,,,,,,,,,,,,,,,,,,,"0","0","0",,,,,,,,,"0","0","1,585,000","0","0","0",,,,,,,,,,,,,,,,,,,,,,
PretaxIncome,"-257,655,000","-89,445,000","-30,570,000","-76,086,000","-61,554,000","-47,104,000","-43,930,000","-3,175,000","-40,780,000","-39,405,000","-30,640,000","-29,573,000","-32,113,000","-29,366,000","-26,468,000","-22,017,000","-27,523,000","-30,281,000","-40,485,000","-32,357,000","-29,081,000","-25,867,000","8,632,000","31,887,000","-11,611,000","-12,455,000","-9,229,000","-8,849,000","-10,551,000","-8,872,000","8,443,000","-5,971,000","-8,374,000","-8,744,000","6,531,000","-12,588,000","-15,041,000","-12,619,000","-11,456,000","-10,044,000","-8,943,000","-9,928,000","-11,878,000","-10,639,000","-13,632,000","-11,712,000","-11,613,000","-12,517,000","-13,144,000","-12,189,000",,,,,,,,,,,,,,,,,,,,,,,,,,,,
TaxProvision,,,"0",,,,"0",,,,,"0",,,,,,,,"0","0","0","0","0","0","0","0","0","0","0","0","0","0","0","0","0","0","0","0","0","0","0","0","0","0","0","0","-176,000","0","0",,,,,,,,,,,,,,,,,,,,,,,,,,,,
NetIncomeCommonStockholders,"-257,655,000","-89,445,000","-30,570,000","-76,086,000","-61,554,000","-47,104,000","-43,930,000","-3,175,000","-40,780,000","-39,405,000","-30,640,000","-29,573,000","-32,113,000","-29,366,000","-26,468,000","-22,017,000","-27,523,000","-30,281,000","-40,485,000","-32,357,000","-29,081,000","-25,867,000","8,632,000","31,887,000","-11,611,000","-12,455,000","-9,229,000","-8,849,000","-10,551,000","-8,872,000","8,443,000","-5,971,000","-8,374,000","-8,744,000","6,531,000","-12,588,000","-15,041,000","-12,619,000","-11,456,000","-10,044,000","-10,250,000","-9,928,000","-11,878,000","-10,639,000","-16,489,000","-11,712,000","-11,613,000","-12,341,000","-13,144,000","-12,189,000","-12,529,000","-8,202,000","55,959,000","-10,685,000","-10,856,000","-16,259,000","-15,364,000","-13,895,000","-13,252,000","-11,321,000","-12,628,000","-11,692,000","-15,946,000","-14,920,000","-13,786,000","-12,464,000","-11,081,000","-10,101,000","-10,540,000","-10,530,000","-11,820,000","-10,216,000","-9,231,000","-5,932,000","-8,171,000","-8,171,000","-7,735,000","-7,130,000"
	NetIncome,"-257,655,000","-89,445,000","-30,570,000","-76,086,000","-61,554,000","-47,104,000","-43,930,000","-3,175,000","-40,780,000","-39,405,000","-30,640,000","-29,573,000","-32,113,000","-29,366,000","-26,468,000","-22,017,000","-27,523,000","-30,281,000","-40,485,000","-32,357,000","-29,081,000","-25,867,000","8,632,000","31,887,000","-11,611,000","-12,455,000","-9,229,000","-8,849,000","-10,551,000","-8,872,000","8,443,000","-5,971,000","-8,374,000","-8,744,000","6,531,000","-12,588,000","-15,041,000","-12,619,000","-11,456,000","-10,044,000","-8,943,000","-9,928,000","-11,878,000","-10,639,000","-13,632,000","-11,712,000","-11,613,000","-12,341,000","-13,144,000","-12,189,000","-12,529,000","-8,202,000","55,959,000","-10,685,000","-10,856,000","-16,259,000","-15,364,000","-13,895,000","-13,252,000","-11,321,000","-12,628,000","-11,692,000","-15,946,000","-14,920,000","-13,786,000","-12,464,000","-11,081,000","-10,101,000","-10,540,000","-10,530,000","-11,820,000","-10,216,000","-9,231,000","-5,932,000","-8,171,000","-8,171,000","-7,735,000","-7,130,000"
		NetIncomeIncludingNoncontrollingInterests,"-257,655,000","-89,445,000","-30,570,000","-76,086,000","-61,554,000","-47,104,000","-43,930,000","-3,175,000","-40,780,000","-39,405,000","-30,640,000","-29,573,000","-32,113,000","-29,366,000","-26,468,000","-22,017,000","-27,523,000","-30,281,000","-40,485,000","-32,357,000","-29,081,000","-25,867,000","8,632,000","31,887,000","-11,611,000","-12,455,000","-9,229,000","-8,849,000","-10,551,000","-8,872,000","8,443,000","-5,971,000","-8,374,000","-8,744,000","6,531,000","-12,588,000","-15,041,000","-12,619,000","-11,456,000","-10,044,000","-8,943,000","-9,928,000","-11,878,000","-10,639,000","-13,632,000","-11,712,000","-11,613,000","-12,341,000","-13,144,000","-12,189,000","-12,529,000","-8,202,000","55,959,000","-10,685,000","-10,856,000","-16,259,000","-15,364,000","-13,895,000","-13,252,000","-11,321,000","-12,628,000","-11,692,000","-15,946,000","-14,920,000","-13,786,000","-12,464,000","-11,081,000","-10,101,000","-10,540,000","-10,530,000","-11,820,000","-10,216,000","-9,231,000","-5,932,000","-8,171,000","-8,171,000","-7,735,000","-7,130,000"
			NetIncomeContinuousOperations,"-257,655,000","-89,445,000","-30,570,000","-76,086,000","-61,554,000","-47,104,000","-43,930,000","-3,175,000","-40,780,000","-39,405,000","-30,640,000","-29,573,000","-32,113,000","-29,366,000","-26,468,000","-22,017,000","-27,523,000","-30,281,000","-40,485,000","-32,357,000","-29,081,000","-25,867,000","8,632,000","31,887,000","-11,611,000","-12,455,000","-9,229,000","-8,849,000","-10,551,000","-8,872,000","8,443,000","-5,971,000","-8,374,000","-8,744,000","6,531,000","-12,588,000","-15,041,000","-12,619,000","-11,456,000","-10,044,000","-8,943,000","-9,928,000","-11,878,000","-10,639,000","-13,632,000","-11,712,000","-11,613,000","-12,341,000","-13,144,000","-12,189,000","-12,529,000","-8,202,000","55,959,000","-10,685,000","-10,856,000","-16,259,000","-15,364,000","-13,895,000","-13,252,000","-11,321,000","-12,628,000","-11,692,000","-15,946,000","-14,920,000","-13,786,000","-12,464,000","-11,081,000","-10,101,000","-10,540,000","-10,530,000","-11,820,000","-10,216,000","-9,231,000","-5,932,000","-8,171,000","-8,171,000","-7,735,000","-7,130,000"
	PreferredStockDividends,,,,,,,,,,,,,,,,,,,,,,,,,,,,,,,,,,,"0","0","0","0","0","0","1,307,000","0","0","0","2,857,000",,,,,,,,,,,,,,,,,,,,,,,,,,,,,,,,,
DilutedNIAvailtoComStockholders,"-257,655,000","-89,445,000","-30,570,000","-76,086,000","-61,554,000","-47,104,000","-43,930,000","-3,175,000","-40,780,000","-39,405,000","-30,640,000","-29,573,000","-32,113,000","-29,366,000","-26,468,000","-22,017,000","-27,523,000","-30,281,000","-40,485,000","-32,357,000","-29,081,000","-25,867,000","8,632,000","31,887,000","-11,611,000","-12,455,000","-9,229,000","-8,849,000","-10,551,000","-8,872,000","8,443,000","-5,971,000","-8,374,000","-8,744,000","6,531,000","-12,588,000","-15,041,000","-12,619,000","-11,456,000","-10,044,000","-10,250,000","-9,928,000","-11,878,000","-10,639,000","-16,489,000","-11,712,000","-11,613,000","-12,341,000","-13,144,000","-12,189,000","-12,529,000","-8,202,000","55,959,000","-10,685,000","-10,856,000","-16,259,000","-15,364,000","-13,895,000","-13,252,000","-11,321,000","-12,628,000","-11,692,000","-15,946,000","-14,920,000","-13,786,000","-12,464,000","-11,081,000","-10,101,000","-10,540,000","-10,530,000","-11,820,000","-10,216,000","-9,231,000","-5,932,000","-8,171,000","-8,171,000","-7,735,000","-7,130,000"
BasicEPS,,"-1.05","-0.36","-0.95","-0.86","-0.66","-0.62","-0.05","-0.68","-0.66",,"-0.5","-0.56","-0.54","-0.48","-0.4","-0.51","-0.56","-0.75","-0.6","-0.6","-0.62","0.18","0.8","-0.29","-0.31","-0.24","-0.23","-0.27","-0.23","0.23","-0.16","-0.23","-0.27","0.22","-0.43","-0.58","-0.54","-0.42","-0.42","-0.78","-0.78",,"-0.9","-1.38","-1.08",,"-1.14","-1.26","-1.2",,"-0.84","5.94","-1.26",,"-1.98","-1.86","-1.68",,"-1.44","-1.62","-1.5",,"-2.46","-2.28","-2.16",,"-2.1","-2.22","-2.22",,"-2.16","-2.76","-15.36",,"-25.65","-24.66","-23.04"
DilutedEPS,,"-1.05","-0.36","-0.95","-0.86","-0.66","-0.62","-0.05","-0.68","-0.66",,"-0.5","-0.56","-0.54","-0.48","-0.4","-0.51","-0.56","-0.75","-0.6","-0.6","-0.62","0.16","0.74","-0.29","-0.31","-0.24","-0.23","-0.27","-0.23","0.23","-0.16","-0.23","-0.27","0.21","-0.43","-0.58","-0.54","-0.42","-0.42","-0.78","-0.78",,"-0.9","-1.38","-1.08",,"-1.14","-1.26","-1.2",,"-0.84","5.88","-1.26",,"-1.98","-1.86","-1.68",,"-1.44","-1.62","-1.5",,"-2.46","-2.28","-2.16",,"-2.1","-2.22","-2.22",,"-2.16","-2.76","-15.36",,"-25.65","-24.66","-23.04"
BasicAverageShares,,"84,996,000","84,087,000","80,329,000","71,754,000","71,195,000","70,833,000","68,279,000","59,605,000","59,270,000",,"58,640,000","57,648,000","54,821,000","54,689,000","54,626,000","54,293,000","54,062,000","53,929,000","53,719,000","48,218,000","41,578,000","40,581,000","39,926,000","39,666,000","39,592,000","39,098,000","38,752,000","38,725,000","38,675,000","36,748,000","36,609,000","36,443,000","32,985,000","29,836,000","29,395,000","25,773,000","24,010,214","23,740,465","22,360,316","13,538,409","12,680,290",,"12,046,649","11,858,604","11,151,910",,"10,739,021","10,635,809","10,332,583",,"10,083,680","9,409,185","8,597,017",,"8,236,016","8,227,683","8,215,683",,"7,910,015","7,815,015","7,793,515",,"6,121,512","6,062,678","5,707,844",,"4,764,842","4,752,342","4,730,342",,"4,692,362","3,317,506","385,500",,"318,558","313,667","309,167"
DilutedAverageShares,,"84,996,000","84,087,000","80,329,000","71,754,000","71,195,000","70,833,000","68,279,000","59,605,000","59,270,000",,"58,640,000","57,648,000","54,821,000","54,689,000","54,626,000","54,293,000","54,062,000","53,929,000","53,719,000","48,218,000","41,578,000","43,696,000","43,217,000","39,666,000","39,592,000","39,098,000","38,752,000","38,725,000","38,675,000","36,786,000","36,609,000","36,443,000","32,985,000","31,190,000","29,395,000","25,773,000","24,010,214","23,740,465","22,360,316","13,538,409","12,680,290",,"12,046,649","11,858,604","11,151,910",,"10,739,021","10,635,809","10,332,583",,"10,083,680","9,483,852","8,597,017",,"8,236,016","8,227,683","8,215,683",,"7,910,015","7,815,015","7,793,515",,"6,121,512","6,062,678","5,707,844",,"4,764,842","4,752,342","4,730,342",,"4,692,362","3,317,506","385,500",,"318,558","313,667","309,167"
TotalOperatingIncomeAsReported,"-223,559,000","-77,857,000","-21,704,000","-69,201,000","-54,797,000","-40,611,000","-36,407,000","5,184,000","-32,358,000","-30,362,000","-23,706,000","-23,927,000","-26,716,000","-24,518,000","-21,458,000","-17,914,000","-23,413,000","-26,131,000","-36,527,000","-28,424,000","-25,194,000","-23,251,000","9,163,000","32,490,000","-11,011,000","-11,954,000","-9,021,000","-8,888,000","-10,589,000","-8,909,000","8,421,000","-5,998,000","-8,407,000","-8,770,000","6,432,000","-12,611,000","-15,068,000","-12,647,000","-11,489,000","-10,073,000","-8,956,000","-9,940,000","-11,897,000","-10,668,000","-13,647,000","-11,752,000","-11,632,000","-12,565,000","-13,154,000","-12,283,000","-12,400,000","-8,208,000","57,545,000","-10,843,000","-11,140,000","-16,712,000","-16,037,000","-15,190,000","-14,958,000","-13,200,000","-14,564,000","-13,764,000","-16,980,000","-16,001,000","-14,889,000","-13,468,000","-11,696,000","-10,729,000","-11,101,000","-11,108,000","-12,290,000","-10,655,000","-9,521,000","-5,968,000",,,"-7,772,000","-7,130,000"
TotalExpenses,"288,587,000","79,005,000","77,304,000","74,638,000","57,640,000","47,159,000","43,129,000","36,504,000","35,951,000","34,187,000","28,918,000","29,982,000","33,853,000","32,982,000","30,835,000","28,555,000","29,628,000","31,399,000","36,509,000","34,604,000","28,247,000","27,404,000","23,975,000","26,557,000","16,813,000","20,375,000","18,778,000","16,833,000","17,131,000","13,323,000","13,337,000","15,413,000","16,195,000","16,749,000","17,917,000","17,080,000","16,077,000","13,468,000","13,673,000","11,789,000","10,810,000","11,801,000","11,462,000","12,095,000","14,700,000","12,515,000","12,731,000","12,959,000","13,616,000","12,904,000","13,423,000","13,735,000","14,329,000","13,979,000","14,311,000","17,345,000","19,111,000","18,259,000","18,068,000","17,330,000","17,741,000","16,969,000","17,135,000","16,107,000","16,335,000","14,888,000","13,840,000","12,584,000","13,442,000","13,680,000","14,516,000","13,104,000","12,421,000","11,835,000",,,"7,286,000","7,756,000"
NetIncomeFromContinuingAndDiscontinuedOperation,"-257,655,000","-89,445,000","-30,570,000","-76,086,000","-61,554,000","-47,104,000","-43,930,000","-3,175,000","-40,780,000","-39,405,000","-30,640,000","-29,573,000","-32,113,000","-29,366,000","-26,468,000","-22,017,000","-27,523,000","-30,281,000","-40,485,000","-32,357,000","-29,081,000","-25,867,000","8,632,000","31,887,000","-11,611,000","-12,455,000","-9,229,000","-8,849,000","-10,551,000","-8,872,000","8,443,000","-5,971,000","-8,374,000","-8,744,000","6,531,000","-12,588,000","-15,041,000","-12,619,000","-11,456,000","-10,044,000","-8,943,000","-9,928,000","-11,878,000","-10,639,000","-13,632,000","-11,712,000","-11,613,000","-12,341,000","-13,144,000","-12,189,000","-12,529,000","-8,202,000","55,959,000","-10,685,000","-10,856,000","-16,259,000","-15,364,000","-13,895,000","-13,252,000","-11,321,000","-12,628,000","-11,692,000","-15,946,000","-14,920,000","-13,786,000","-12,464,000","-11,081,000","-10,101,000","-10,540,000","-10,530,000","-11,820,000","-10,216,000","-9,231,000","-5,932,000","-8,171,000","-8,171,000","-7,735,000","-7,130,000"
NormalizedIncome,"-254,962,000","-86,752,000","-30,570,000","-76,086,000","-61,554,000","-47,104,000","-43,930,000","-3,175,000","-40,780,000","-39,405,000","-30,640,000","-29,573,000","-32,113,000","-29,366,000","-26,468,000","-22,017,000","-27,523,000","-30,281,000","-40,485,000","-32,357,000","-29,081,000","-25,867,000","8,632,000","31,887,000","-11,611,000","-12,455,000","-9,229,000","-8,849,000","-10,551,000","-8,872,000","8,443,000","-5,971,000","-8,374,000","-8,744,000","6,531,000","-12,588,000","-15,041,000","-12,619,000","-11,456,000","-10,046,000","-8,956,000","-9,969,000","-10,686,000","-10,639,000","-13,632,000","-11,712,000","-11,613,000","-12,341,000","-13,144,000","-12,189,000","-11,498,750","-8,215,650","57,025,650","-10,722,700","-10,868,350","-14,639,200","-15,364,000","-13,895,000","-13,252,000","-11,321,000","-12,628,000","-11,692,000","-15,946,000","-14,920,000","-13,786,000","-12,464,000","-11,081,000","-10,101,000","-10,540,000","-10,530,000","-11,820,000","-10,216,000","-9,231,000","-5,932,000","-8,171,000","-8,171,000","-7,735,000","-7,130,000"
InterestIncome,"456,000","415,000","-377,000","231,000","187,000","290,000","2,146,000","1,078,000","1,382,000","723,000","1,330,000","1,020,000","1,044,000","1,141,000","900,000","1,323,000","1,126,000","842,000","774,000","779,000","612,000","436,000","182,000","111,000","-600,000","-501,000","-208,000",,,,,,,,"99,000","24,000","27,000","28,000","33,000","30,000","13,000","15,000",,"36,000","29,000","55,000","39,000","61,000","71,000","163,000","113,000","112,000","110,000","258,000","377,000","571,000","808,000","1,440,000","1,874,000","2,055,000","2,122,000",,"1,174,000","1,215,000","1,228,000","1,128,000","760,000",,"688,000","712,000","-498,000",,"780,000","519,000",,,,
InterestExpense,"31,859,000","9,310,000","8,489,000","7,116,000","6,944,000","6,783,000","9,669,000","9,437,000","9,804,000","9,766,000","8,264,000","6,666,000","6,441,000","5,989,000","5,910,000","5,426,000","5,236,000","4,992,000","4,732,000","4,712,000","4,499,000","3,052,000","713,000","714,000","600,000","501,000","364,000","-39,000","-38,000","-37,000","86,000","-27,000","-33,000","-26,000","77,000","1,000","4,000","0","0","1,000","0","3,000","70,000","7,000","14,000","15,000","20,000","13,000","61,000","69,000","92,000","106,000","111,000","100,000","93,000","118,000","135,000","145,000","168,000","176,000","186,000",,"140,000","134,000","125,000","124,000","145,000",,"127,000","134,000","-968,000",,"490,000","483,000",,,,
NetInterestIncome,"-31,403,000","-8,895,000","-8,866,000","-6,885,000","-6,757,000","-6,493,000","-7,523,000","-8,359,000","-8,422,000","-9,043,000","-6,934,000","-5,646,000","-5,397,000","-4,848,000","-5,010,000","-4,103,000","-4,110,000","-4,150,000","-3,958,000","-3,933,000","-3,887,000","-2,616,000","-531,000","-603,000","-600,000","-501,000","-208,000","39,000","38,000","37,000","22,000","27,000","33,000","26,000","99,000","23,000","27,000","28,000","33,000","29,000","13,000","12,000","-189,000","29,000","15,000","40,000","19,000","48,000","10,000","94,000","21,000","6,000","-1,000","158,000","284,000","453,000","673,000","1,295,000","1,706,000","1,879,000","1,936,000",,"1,034,000","1,081,000","1,103,000","1,004,000","615,000",,"561,000","578,000","470,000",,"290,000","36,000",,,,
EBIT,"-225,796,000","-80,135,000","-22,081,000","-68,970,000","-54,610,000","-40,321,000","-34,261,000","6,262,000","-30,976,000","-29,639,000","-22,376,000","-22,907,000","-25,672,000","-23,377,000","-20,558,000","-16,591,000","-22,287,000","-25,289,000","-35,753,000","-27,645,000","-24,582,000","-22,815,000","9,345,000","32,601,000","-11,011,000","-11,954,000","-8,865,000","-8,888,000","-10,589,000","-8,909,000","8,529,000","-5,998,000","-8,407,000","-8,770,000","6,432,000","-12,587,000","-15,068,000","-12,619,000","-11,456,000","-10,043,000","-8,943,000","-9,925,000","-11,808,000","-10,632,000","-13,618,000","-11,697,000","-11,593,000","-12,504,000","-13,083,000","-12,120,000","-13,369,000","-8,229,000","57,601,000","-10,901,000","-11,159,000","-14,220,000","-16,037,000","-15,190,000","-14,958,000","-13,200,000","-14,564,000","-13,764,000","-16,980,000","-16,001,000","-14,889,000","-13,468,000","-11,696,000","-10,729,000","-11,101,000","-11,108,000","-12,290,000","-10,655,000","-9,521,000","-5,968,000","-40,523,000","2,644,000","-4,732,000","-5,007,000"
EBITDA,"-222,716,000"
ReconciledCostOfRevenue,"174,312,000","45,935,000","43,498,000","48,436,000","36,443,000","31,561,000","29,221,000","24,202,000","21,790,000","21,738,000","18,334,000","20,229,000","24,017,000","23,545,000","23,277,000","21,391,000","21,582,000","22,135,000","26,251,000","24,947,000","19,809,000","19,289,000","17,301,000","19,340,000","9,723,000","13,534,000","13,249,000","11,557,000","12,636,000","8,956,000","8,779,000","11,420,000","11,737,000","12,490,000","13,824,000","13,445,000","12,347,000","9,834,000","35,643,000","0","0","0","0","0","0","0","0","0","0","0","0","0","0","0",,,,,,,,,,,,,,,,,,,,,,,,
ReconciledDepreciation,"3,080,000","1,341,000","734,000","462,000","543,000","537,000","471,000","536,000","416,000","408,000","391,000","336,000","280,000","286,000","-320,000","268,000","618,000","673,000","610,000","450,000","439,000","421,000","224,000","177,000","170,000","170,000","151,000","146,000","147,000","145,000","137,000","126,000","122,000","105,000","88,000","101,000","120,000","124,000","129,000","140,000","144,000","178,000","229,000","255,000","390,000","423,000","463,000","471,000","477,000","489,000","494,000","501,000","511,000","515,000","563,000","619,000","635,000","639,000","659,000","670,000","745,000","755,000","706,000","726,000","744,000","751,000","743,000","760,000","771,000","788,000","815,000","827,000","815,000","819,000",,,,
NetIncomeFromContinuingOperationNetMinorityInterest,"-257,655,000","-89,445,000","-30,570,000","-76,086,000","-61,554,000","-47,104,000","-43,930,000","-3,175,000","-40,780,000","-39,405,000","-30,640,000","-29,573,000","-32,113,000","-29,366,000","-26,468,000","-22,017,000","-27,523,000","-30,281,000","-40,485,000","-32,357,000","-29,081,000","-25,867,000","8,632,000","31,887,000","-11,611,000","-12,455,000","-9,229,000","-8,849,000","-10,551,000","-8,872,000","8,443,000","-5,971,000","-8,374,000","-8,744,000","6,531,000","-12,588,000","-15,041,000","-12,619,000","-11,456,000","-10,044,000","-8,943,000","-9,928,000","-11,878,000","-10,639,000","-13,632,000","-11,712,000","-11,613,000","-12,341,000","-13,144,000","-12,189,000","-12,529,000","-8,202,000","55,959,000","-10,685,000","-10,856,000","-16,259,000","-15,364,000","-13,895,000","-13,252,000","-11,321,000","-12,628,000","-11,692,000","-15,946,000","-14,920,000","-13,786,000","-12,464,000","-11,081,000","-10,101,000","-10,540,000","-10,530,000","-11,820,000","-10,216,000","-9,231,000","-5,932,000","-8,171,000","-8,171,000","-7,735,000","-7,130,000"
TotalUnusualItemsExcludingGoodwill,"-2,693,000","-2,693,000",,,,,,,,,,,,,,,,,,,,,,,,,,,,,,,,,"0","0","0","0","0","2,000","13,000","41,000","-1,192,000","0","0","0","0","0","0","0","-1,585,000","21,000","-1,641,000","58,000","19,000","-2,492,000",,,,,,,,,,,,,,,,,,,,,,
TotalUnusualItems,"-2,693,000","-2,693,000",,,,,,,,,,,,,,,,,,,,,,,,,,,,,,,,,"0","0","0","0","0","2,000","13,000","41,000","-1,192,000","0","0","0","0","0","0","0","-1,585,000","21,000","-1,641,000","58,000","19,000","-2,492,000",,,,,,,,,,,,,,,,,,,,,,
NormalizedEBITDA,"-220,023,000","-76,101,000","-21,347,000","-68,508,000","-54,067,000","-39,784,000","-33,790,000","6,798,000","-30,560,000","-29,231,000","-21,985,000","-22,571,000","-25,392,000","-23,091,000","-20,558,000","-16,323,000","-21,669,000","-24,616,000","-35,143,000","-27,195,000","-24,143,000","-22,394,000","9,569,000","32,778,000","-10,841,000","-11,784,000","-8,714,000","-8,742,000","-10,442,000","-8,764,000","8,666,000","-5,872,000","-8,285,000","-8,665,000","6,520,000","-12,486,000","-14,948,000","-12,495,000","-11,327,000","-9,905,000","-8,812,000","-9,788,000","-10,387,000","-10,377,000","-13,228,000","-11,274,000","-11,130,000","-12,033,000","-12,606,000","-11,631,000","-11,290,000","-7,749,000","59,753,000","-10,444,000","-10,615,000","-11,109,000","-15,402,000","-14,551,000","-14,299,000","-12,530,000","-13,819,000","-13,009,000","-16,274,000","-15,275,000","-14,145,000","-12,717,000","-10,953,000","-9,969,000","-10,330,000","-10,320,000","-11,475,000","-9,828,000","-8,706,000","-5,149,000","-40,523,000","2,644,000","-4,732,000","-5,007,000"
TaxRateForCalcs,"0","0","0","0","0","0","0","0","0","0","0","0","0","0","0","0","0","0","0","0","0","0","0.4","0.4","0","0","0","0","0","0","0","0","0","0","0","0","0","0","0","0","0","0","0","0","0","0","0","0.014","0","0","0.35","0.35","0.35","0.35","0.35","0.35","0.35","0.35","0.35","0.35","0.35","0.35","0.4","0.4","0.4","0.4","0.4","0.4","0.4","0.4","0.4","0.4","0.4","0.4","0.4","0.4","0.4","0.4"
TaxEffectOfUnusualItems,"0","0","0","0","0","0","0","0","0","0","0","0","0","0","0","0","0","0","0","0","0","0","0","0","0","0","0","0","0","0","0","0","0","0","0","0","0","0","0","0","0","0","0","0","0","0","0","0","0","0","-554,750","7,350","-574,350","20,300","6,650","-872,200","0","0","0","0","0","0","0","0","0","0","0","0","0","0","0","0","0","0","0","0","0","0"