name,ttm,03/31/2022,12/31/2021,09/30/2021,06/30/2021,03/31/2021,12/31/2020,09/30/2020,06/30/2020,03/31/2020,12/31/2019,09/30/2019,06/30/2019,03/31/2019,12/31/2018,09/30/2018,06/30/2018,03/31/2018,12/31/2017,09/30/2017,06/30/2017,03/31/2017,12/31/2016,09/30/2016,06/30/2016,03/31/2016,12/31/2015,09/30/2015,06/30/2015,03/31/2015,12/31/2014,09/30/2014,06/30/2014,03/31/2014,12/31/2013,09/30/2013,06/30/2013,03/31/2013,12/31/2012,09/30/2012,06/30/2012,03/31/2012,12/31/2011,09/30/2011,06/30/2011,03/31/2011,12/31/2010,09/30/2010,06/30/2010,03/31/2010,12/31/2009,09/30/2009,06/30/2009,03/31/2009,12/31/2008,09/30/2008,06/30/2008,03/31/2008,12/31/2007,09/30/2007,06/30/2007,03/31/2007,12/31/2006,09/30/2006,06/30/2006,03/31/2006,12/31/2005,09/30/2005,06/30/2005,03/31/2005,12/31/2004,09/30/2004,06/30/2004,03/31/2004,12/31/2003,09/30/2003,06/30/2003,03/31/2003
TotalRevenue,"470,099,000","113,992,000","195,070,000","108,270,000","52,767,000","83,335,000","19,550,000","13,414,000","2,668,000","10,919,000","10,570,000","10,575,000","8,301,000","5,773,000","5,318,000","1,461,000","1,254,000","165,000","21,000","53,000","105,000","148,000","7,292,000","162,000","2,647,000","942,000","685,000","1,188,000","1,550,000","627,000","2,277,000","2,209,000","3,048,000","3,498,000","2,847,000","2,927,000","3,392,000","2,085,000","1,806,000","2,874,000","2,684,000","2,350,000","11,427,000","1,174,000","7,269,000","1,744,000","1,766,000","11,649,000","2,191,000","8,344,000","2,189,000","2,901,000","15,884,000","19,344,000","11,945,000","8,857,000","9,978,000","6,314,000","9,295,000","1,014,000","1,800,000","1,984,000","2,438,000","1,592,000","529,000","288,000","600,000","404,000","953,000","12,698,000","2,455,000","3,660,000","5,492,000","3,205,000","707,000","23,000","96,000",
	OperatingRevenue,"466,541,000","112,327,000","194,541,000","106,996,000","52,677,000","82,885,000","13,112,000","13,276,000","2,405,000","10,514,000","10,701,000","10,158,000","8,301,000","5,773,000","5,318,000","1,461,000","1,254,000","165,000","21,000","53,000","105,000","148,000","7,292,000","162,000","2,647,000","942,000","685,000","1,188,000","1,550,000","627,000","2,277,000","2,209,000","3,048,000","3,498,000","2,847,000","2,927,000","3,392,000","2,085,000","1,806,000","2,874,000","2,684,000","2,350,000","11,427,000","1,174,000","7,269,000","1,744,000","1,766,000","11,649,000","2,191,000","8,344,000","2,189,000","2,901,000","15,884,000","19,344,000","11,945,000","8,857,000","9,978,000","6,314,000","9,295,000","1,014,000","1,800,000","1,984,000","2,438,000","1,592,000","529,000","288,000","600,000","404,000","953,000","12,698,000","2,455,000","3,660,000","5,492,000","3,205,000","707,000","23,000","96,000",
CostOfRevenue,"188,909,000","39,962,000","74,012,000","60,090,000","14,845,000","24,625,000","4,058,000","4,031,000","1,169,000","4,652,000","4,730,000","6,148,000","4,438,000","4,073,000","3,949,000","7,750,000","7,475,000","2,622,000",,,,,,,,,,,,,,,,,,,,,,"0","0","0","0","0","0","0","0","0","0","0","0","0","0","0",,,,,,,,,,,,,,,,,,,,,,,,
GrossProfit,"281,190,000","74,030,000","121,058,000","48,180,000","37,922,000","58,710,000","15,492,000","9,383,000","1,499,000","6,267,000","5,840,000","4,427,000","3,863,000","1,700,000","1,369,000","-6,289,000","-6,221,000","-2,457,000",,,,,,,,,"685,000","1,188,000","1,550,000","627,000","2,277,000",,"3,048,000","3,498,000","2,847,000","2,927,000","3,392,000","2,085,000","1,806,000","2,874,000","2,684,000","2,350,000","11,427,000","1,174,000","7,269,000","1,744,000","1,766,000","11,649,000","2,191,000","8,344,000","2,189,000","2,901,000","15,884,000","19,344,000","11,945,000","8,857,000","9,978,000","6,314,000","9,295,000","1,014,000","1,800,000",,"2,438,000","1,592,000","529,000","288,000","600,000",,"953,000","12,698,000","2,455,000",,"5,492,000","3,205,000",,,,
OperatingExpense,"145,470,000","43,267,000","40,341,000","33,112,000","28,750,000","30,181,000","27,387,000","30,059,000","24,838,000","25,579,000","32,587,000","31,119,000","34,057,000","39,554,000","39,330,000","32,608,000","31,926,000","35,857,000","27,862,000","22,444,000","20,426,000","22,817,000","26,613,000","35,000,000","31,901,000","28,236,000","27,631,000","29,629,000","24,784,000","27,079,000","24,690,000","32,286,000","27,902,000","17,465,000","15,839,000","18,495,000","20,441,000","22,964,000","21,808,000","19,971,000","17,333,000","18,198,000","16,161,000","15,994,000","17,365,000","19,671,000","17,381,000","18,400,000","18,463,000","17,295,000","13,803,000","13,612,000","13,017,000","15,001,000","10,053,000","14,614,000","16,611,000","19,936,000","23,312,000","20,189,000","23,622,000","18,063,000","24,429,000","17,688,000","14,338,000","9,195,000","10,068,000","9,116,000","9,966,000","7,995,000","7,950,000","7,945,000","8,587,000","7,190,000",,,,
	SellingGeneralAndAdministration,"109,905,000","32,172,000","29,224,000","26,926,000","21,583,000","22,423,000","17,838,000","21,538,000","18,954,000","20,926,000","20,318,000","18,459,000","17,861,000","18,348,000","16,438,000","15,788,000","15,653,000","16,891,000","9,256,000","6,027,000","5,612,000","6,472,000","8,171,000","11,766,000","9,151,000","8,169,000","6,699,000","5,524,000","5,098,000","4,859,000","5,052,000","4,214,000","4,263,000","4,234,000","3,708,000","6,725,000","7,636,000","8,800,000","9,293,000","7,121,000","5,957,000","5,793,000","4,545,000","4,217,000","4,054,000","4,754,000","4,185,000","3,951,000","4,173,000","4,570,000","4,052,000","3,736,000","3,533,000","4,424,000","3,559,000","3,913,000","3,420,000","4,571,000","4,879,000","5,029,000","4,206,000","4,180,000","4,197,000","4,656,000","3,380,000","2,603,000","2,126,000","2,319,000","2,473,000","2,340,000","2,530,000","2,017,000","2,077,000","1,389,000",,,,
		GeneralAndAdministrativeExpense,"109,905,000","32,172,000","29,224,000","26,926,000","21,583,000","22,423,000","17,838,000","21,538,000","18,954,000","20,926,000",,"18,459,000",,"18,348,000","16,438,000","15,788,000","15,653,000","16,891,000","9,256,000","6,027,000","5,612,000","6,472,000","8,171,000","11,766,000","9,151,000","8,169,000","6,699,000","5,524,000","5,098,000","4,859,000","5,052,000","4,214,000","4,263,000","4,234,000","3,708,000","6,725,000","7,636,000","8,800,000","9,293,000","7,121,000","5,957,000","5,793,000",,"4,217,000","4,054,000","4,754,000","4,185,000","3,951,000","4,173,000","4,570,000","4,052,000","3,736,000","3,533,000","4,424,000",,,,,,,,,,,,,,,,,,,,,,,,
			SalariesAndWages,"64,289,000","18,608,000","17,745,000","15,319,000","12,617,000","12,348,000","9,800,000","10,321,000","9,913,000","10,742,000",,"9,995,000",,"8,194,000","7,498,000","7,108,000","7,012,000","6,136,000","4,867,000","3,458,000","3,621,000","4,034,000","3,799,000","5,468,000","5,237,000","4,693,000","4,239,000","3,578,000","3,115,000","3,027,000","2,810,000","2,477,000","2,510,000","2,061,000","2,057,000","4,145,000","6,114,000","6,317,000",,,,,,,,,,,,,,,,,,,,,,,,,,,,,,,,,,,,,,,,
			RentAndLandingFees,,,,,,,"2,930,000","2,795,000","2,875,000","2,825,000",,"2,126,000",,"1,060,000","797,000","683,000","490,000","496,000",,,,,,,,,,,,,"0","131,000","178,000","77,000","8,000","918,000",,,,,,,,,,,,,,,,,,,,,,,,,,,,,,,,,,,,,,,,,,
			OtherGandA,"45,616,000","13,564,000","11,479,000","11,607,000","8,966,000","10,075,000","8,038,000","11,217,000","9,041,000","10,184,000",,"8,464,000",,"10,154,000","8,940,000","8,680,000","8,641,000","10,755,000","4,389,000","2,569,000","1,991,000","2,438,000","4,372,000","6,298,000","3,914,000","3,476,000","2,460,000","1,946,000","1,983,000","1,832,000","2,242,000","1,606,000","1,575,000","2,096,000","1,643,000","1,662,000","1,522,000","2,483,000","9,293,000",,,,,,,,,,,,,,,,,,,,,,,,,,,,,,,,,,,,,,,
		SellingAndMarketingExpense,,,,,,,"4,850,000","7,700,000","5,584,000","6,625,000",,"5,817,000",,"8,568,000","7,687,000","7,539,000","7,484,000","9,048,000",,,,,,,,,,,,,,,,,,,,,,,,,,,,,,,,,,,,,,,,,,,,,,,,,,,,,,,,,,,,
	ResearchAndDevelopment,"35,565,000","11,095,000","11,117,000","6,186,000","7,167,000","7,758,000","9,549,000","8,521,000","5,884,000","4,653,000","12,269,000","12,660,000","16,196,000","21,206,000","22,892,000","16,820,000","16,273,000","18,966,000","17,412,000","16,417,000","14,814,000","16,345,000","18,442,000","23,234,000","22,750,000","20,067,000","20,932,000","24,105,000","19,686,000","22,220,000","19,638,000","28,072,000","23,639,000","13,231,000","12,131,000","11,770,000","12,805,000","14,164,000","12,515,000","12,850,000","11,376,000","12,405,000","11,616,000","11,777,000","13,257,000","14,672,000","12,951,000","14,204,000","14,045,000","12,480,000","9,506,000","9,631,000","9,239,000","10,332,000","6,249,000","10,456,000","12,946,000","15,120,000","18,183,000","14,909,000","19,164,000","13,632,000","19,981,000","12,781,000","10,762,000","6,592,000","7,942,000","6,797,000","7,493,000","5,655,000","5,420,000","5,928,000","6,510,000","5,801,000",,,,
	DepreciationAmortizationDepletionIncomeStatement,,,,,,,,,,,,,,,,,,,"1,194,000",,,,,,,,,,,,,,,,,,,,"0","0","0","0","0","0","54,000","245,000","245,000","245,000","245,000","245,000","245,000","245,000","245,000","245,000","245,000","245,000","245,000","245,000","250,000","251,000","252,000","251,000","251,000","251,000","196,000",,,,,,,,,,,,,
		DepreciationAndAmortizationInIncomeStatement,,,,,,,,,,,,,,,,,,,"1,194,000",,,,,,,,,,,,,,,,,,,,"0","0","0","0","0","0","54,000","245,000","245,000","245,000","245,000","245,000","245,000","245,000","245,000","245,000","245,000","245,000","245,000","245,000","250,000","251,000","252,000","251,000","251,000","251,000","196,000",,,,,,,,,,,,,
			Amortization,,,,,,,,,,,,,,,,,,,"1,194,000",,,,,,,,,,,,,,,,,,,,"0","0","0","0","0","0","54,000","245,000","245,000","245,000","245,000","245,000","245,000","245,000","245,000","245,000","245,000","245,000","245,000","245,000","250,000","251,000","252,000","251,000","251,000","251,000","196,000",,,,,,,,,,,,,
				AmortizationOfIntangiblesIncomeStatement,,,,,,,,,,,,,,,,,,,"1,194,000",,,,,,,,,,,,,,,,,,,,"0","0","0","0","0","0","54,000","245,000","245,000","245,000","245,000","245,000","245,000","245,000","245,000","245,000","245,000","245,000","245,000","245,000","250,000","251,000","252,000","251,000","251,000","251,000","196,000",,,,,,,,,,,,,
OperatingIncome,"135,720,000","30,763,000","80,717,000","15,068,000","9,172,000","28,529,000","-11,895,000","-20,676,000","-23,339,000","-19,312,000","-26,747,000","-26,692,000","-30,194,000","-37,854,000","-37,961,000","-38,897,000","-38,147,000","-38,314,000","-27,841,000","-22,391,000","-20,321,000","-22,669,000","-19,321,000","-34,838,000","-29,254,000","-27,294,000","-26,946,000","-28,441,000","-23,234,000","-26,452,000","-22,413,000","-30,077,000","-24,854,000","-13,967,000","-12,992,000","-15,568,000","-17,049,000","-20,879,000","-20,002,000","-17,097,000","-14,649,000","-15,848,000","-4,734,000","-14,820,000","-10,096,000","-17,927,000","-15,615,000","-6,751,000","-16,272,000","-8,951,000","-11,614,000","-10,711,000","2,867,000","4,343,000","1,892,000","-5,757,000","-6,633,000","-13,622,000","-14,017,000","-19,175,000","-21,822,000","-16,079,000","-21,991,000","-16,096,000","-13,809,000","-8,907,000","-9,468,000","-8,712,000","-9,013,000","4,703,000","-5,495,000","-4,285,000","-3,095,000","-3,985,000","-17,883,000","23,000","96,000",
NetNonOperatingInterestIncomeExpense,"-7,790,000","-1,419,000","-1,673,000","-1,637,000","-3,061,000","-4,665,000","-4,735,000","-4,525,000","-4,401,000","-4,141,000","-4,100,000","-3,889,000","-3,619,000","-1,999,000","-1,863,000","-1,688,000","-1,538,000","-421,000","528,000","429,000","235,000","145,000","140,000","170,000","220,000","225,000","127,000","-29,000","-245,000","-220,000","-6,000","42,000","55,000","65,000","36,000","13,000","27,000","40,000","-503,000","-498,000","-524,000","-535,000","-466,000","-467,000","-464,000","-457,000","-393,000","-387,000","-392,000","-397,000","-66,000","-75,000","34,000","95,000",,,,,,,,,,,,,,,,,,,,,,,,
	InterestIncomeNonOperating,"354,000","261,000","6,000","39,000","48,000","47,000","70,000","269,000","331,000","590,000","766,000","890,000","979,000","735,000","888,000","1,047,000","1,153,000","740,000","528,000","429,000","235,000","145,000","140,000","170,000","220,000","225,000","127,000","33,000","18,000","27,000","29,000","42,000","55,000","65,000","-47,000","37,000","54,000","72,000","83,000","91,000","65,000","52,000","29,000","18,000","23,000","33,000","32,000","12,000","39,000","2,000","-62,000","18,000","46,000","110,000",,,,,,,,,,,,,,,,,,,,,,,,
	InterestExpenseNonOperating,"8,144,000","1,680,000","1,679,000","1,676,000","3,109,000","4,712,000","4,805,000","4,794,000","4,732,000","4,731,000","4,866,000","4,779,000","4,598,000","2,734,000","2,751,000","2,735,000","2,691,000","1,161,000",,,,,"0",,"0","0","0","62,000","263,000","247,000","35,000","0","0","0","-83,000","24,000","27,000","32,000","586,000","589,000","589,000","587,000","495,000","485,000","487,000","490,000","425,000","399,000","431,000","399,000","4,000","93,000","12,000","15,000",,,,,,,,,,,,,,,,,,,,,,,,
OtherIncomeExpense,"-18,441,000","3,515,000","21,543,000","-41,861,000","-1,638,000","-22,973,000","1,163,000","29,602,000","-23,839,000","10,858,000","-5,909,000","-2,878,000","-8,900,000","181,000","-145,000","57,000","241,000","-223,000","-108,000","-166,000","-232,000","-2,763,000","-2,560,000","-26,000","48,000","46,000","-43,000","-1,654,000","-112,000","455,000","133,000","216,000","22,000","62,000","-100,000","-120,000","-142,000","14,000","-38,000","-196,000","63,000","-122,000","933,000","58,000","-75,000","-82,000","886,000","2,140,000","-11,340,000","164,000","40,000","80,000","226,000","-346,000","0","5,000,000",,,,"145,000","3,000",,"0",,"-4,180,000",,,,,,,,,,,,,
	GainOnSaleOfSecurity,"-22,001,000","1,801,000","19,222,000","-45,121,000","2,097,000","-25,552,000","-76,000","21,245,000","-25,655,000","8,610,000","-7,266,000",,,,,,,,,,,,,,,,,,,,,,,,,,,,,,,,,,,,,,,,,,,,,,,,,,,,,,,,,,,,,,,,,,,
	SpecialIncomeCharges,,,"0","1,000,000","-5,232,000",,"0","6,851,000","0",,"-642,000","-3,937,000","-8,777,000",,"0","0","0","0","0","-166,000","-232,000","-2,783,000","-2,560,000","-26,000","48,000","46,000","0","-1,671,000","-112,000","455,000","133,000",,"-156,000","-15,000","-108,000","-120,000","-142,000","14,000","-38,000","-196,000","63,000","-122,000","933,000","58,000","-75,000","-82,000","886,000","2,140,000","-11,340,000","164,000","40,000","80,000","226,000","-346,000","0","5,000,000",,,,"145,000","3,000",,"0",,"-4,180,000",,,,,,,,,,,,,
		RestructuringAndMergernAcquisition,,,,,,,"0","0","0",,"642,000","3,937,000","8,777,000",,"0","0","0","0","0","0","0","2,783,000",,,,,,,,,,,,,,,,,,,,,,,,,,,,,,,,,,,,,,,,,,,,,,,,,,,,,,,,
		OtherSpecialCharges,,,"0",,"5,232,000",,,,,,,,,,,,,,"108,000","166,000","232,000","-20,000","2,560,000",,,,"0","1,671,000",,,,,,,,,,,,,,,,,,,,,,,,,,,,,,,,,,,"0",,"0",,,,,,,,,,,,,
		GainOnSaleOfPPE,,,"0","1,000,000",,,"0","6,851,000",,,,,,,,,,,,,,,,,,,,,,,,,,,,,,,,,,,,,,,,,,,,,,,,,,,,,,,,,,,,,,,,,,,,,,
	OtherNonOperatingIncomeExpenses,"7,792,000","1,714,000","2,321,000","2,260,000","1,497,000","2,579,000","1,239,000","1,506,000","1,816,000","2,248,000","2,233,000","1,059,000","-123,000","181,000","-145,000","57,000","241,000","-223,000","-108,000","-166,000","-232,000","20,000","-2,560,000","-26,000","48,000","46,000","-43,000","17,000","-112,000","455,000","133,000","216,000","22,000","62,000","-100,000","-120,000","-142,000","14,000","-38,000",,,,,,,,,,,,,,,,,,,,,,,,,,,,,,,,,,,,,,,
PretaxIncome,"109,489,000","32,859,000","100,587,000","-28,430,000","4,473,000","891,000","-15,467,000","4,401,000","-51,579,000","-12,595,000","-36,756,000","-33,459,000","-42,713,000","-39,672,000","-39,969,000","-40,528,000","-39,444,000","-38,958,000","-27,421,000","-22,128,000","-20,318,000","-25,287,000","-21,741,000","-34,694,000","-28,986,000","-27,023,000","-26,862,000","-30,124,000","-23,591,000","-26,217,000","-22,286,000","-29,819,000","-24,777,000","-13,840,000","-13,056,000","-15,675,000","-17,164,000","-20,825,000","-20,543,000",,"-15,110,000",,,,,,,,,,,,,,,,,,,,,,,,,,,,,,,,,,,,,
TaxProvision,,,"808,000",,,,,,,,,,,,,,,,,,,,,,,,,,,,,,,,,,,,,,,,,,,,,,,,,,,,,,,,,,,,,,,,,,,,,,,,,,,
NetIncomeCommonStockholders,"104,051,000","32,728,000","95,210,000","-28,430,000","4,140,000","891,000","-15,467,000","4,401,000","-51,579,000","-12,595,000","-36,756,000","-36,726,000","-42,713,000","-39,672,000","-39,969,000","-40,528,000","-39,444,000","-38,958,000","-27,421,000","-22,128,000","-20,318,000","-25,287,000","-21,741,000","-34,694,000","-28,986,000","-27,023,000","-26,862,000","-30,124,000","-23,591,000","-26,217,000","-22,286,000","-29,819,000","-24,777,000","-13,840,000","-21,525,000","-15,675,000","-17,164,000","-20,825,000","-20,543,000","-17,791,000","-15,110,000","-16,505,000","-4,267,000","-15,229,000","-10,635,000","-18,466,000","-15,122,000","-4,998,000","-28,004,000","-9,184,000","-30,270,000","-9,506,000","4,110,000","5,101,000","3,099,000","-5,420,000","-6,079,000","-12,429,000","-12,076,000","-17,101,000","-17,704,000","-13,090,000","-16,455,000","-12,152,000","-15,273,000","-8,172,000","-8,762,000","-8,284,000","-8,579,000","5,070,000","-5,163,000","-4,033,000","-2,909,000","-3,866,000","-4,540,000","-4,139,000","-3,955,000","-4,718,000"
	NetIncome,"108,681,000","32,859,000","99,779,000","-28,430,000","4,473,000","891,000","-15,467,000","4,401,000","-51,579,000","-12,595,000","-36,756,000","-33,459,000","-42,713,000","-39,672,000","-39,969,000","-40,528,000","-39,444,000","-38,958,000","-27,421,000","-22,128,000","-20,318,000","-25,287,000","-21,741,000","-34,694,000","-28,986,000","-27,023,000","-26,862,000","-30,124,000","-23,591,000","-26,217,000","-22,286,000","-29,819,000","-24,777,000","-13,840,000","-13,056,000","-15,675,000","-17,164,000","-20,825,000","-20,543,000","-17,791,000","-15,110,000","-16,505,000","-4,267,000","-15,229,000","-10,635,000","-18,466,000","-15,122,000","-4,998,000","-28,004,000","-9,184,000","-30,270,000","-9,506,000","4,110,000","5,101,000","3,099,000","-5,420,000","-6,079,000","-12,429,000","-12,076,000","-17,101,000","-17,704,000","-13,090,000","-16,455,000","-12,152,000","-15,273,000","-8,172,000","-8,762,000","-8,284,000","-8,579,000","5,070,000","-5,163,000","-4,033,000","-2,909,000","-3,866,000","-4,540,000","-4,139,000","-3,955,000","-4,718,000"
		NetIncomeIncludingNoncontrollingInterests,"108,681,000","32,859,000","99,779,000","-28,430,000","4,473,000","891,000","-15,467,000","4,401,000","-51,579,000","-12,595,000","-36,756,000","-33,459,000","-42,713,000","-39,672,000","-39,969,000","-40,528,000","-39,444,000","-38,958,000","-27,421,000","-22,128,000","-20,318,000","-25,287,000","-21,741,000","-34,694,000","-28,986,000","-27,023,000","-26,862,000","-30,124,000","-23,591,000","-26,217,000","-22,286,000","-29,819,000","-24,777,000","-13,840,000","-13,056,000","-15,675,000","-17,164,000","-20,825,000","-20,543,000","-17,791,000","-15,110,000","-16,505,000","-4,267,000","-15,229,000","-10,635,000","-18,466,000","-15,122,000","-4,998,000","-28,004,000","-9,184,000","-11,640,000","-10,706,000","3,127,000","4,092,000","2,160,000","-7,133,000","-7,568,000","-13,995,000","-14,077,000","-18,722,000","-20,741,000","-15,106,000","-20,896,000","-15,423,000","-17,304,000","-8,172,000","-8,762,000","-8,284,000","-8,579,000","5,070,000","-5,163,000","-4,033,000","-2,909,000","-3,866,000","-4,540,000","-4,139,000","-3,955,000","-4,718,000"
			NetIncomeContinuousOperations,"108,681,000","32,859,000","99,779,000","-28,430,000","4,473,000","891,000","-15,467,000","4,401,000","-51,579,000","-12,595,000","-36,756,000","-33,459,000","-42,713,000","-39,672,000","-39,969,000","-40,528,000","-39,444,000","-38,958,000","-27,421,000","-22,128,000","-20,318,000","-25,287,000","-21,741,000","-34,694,000","-28,986,000","-27,023,000","-26,862,000","-30,124,000","-23,591,000","-26,217,000","-22,286,000","-29,819,000","-24,777,000","-13,840,000","-13,056,000","-15,675,000","-17,164,000","-20,825,000","-20,543,000","-17,791,000","-15,110,000","-16,505,000","-4,267,000","-15,229,000","-10,635,000","-18,466,000","-15,122,000","-4,998,000","-28,004,000","-9,184,000","-11,640,000","-10,706,000","3,127,000","4,092,000","-2,608,000","-5,420,000","-6,079,000","-12,429,000","-12,076,000","-17,101,000","-17,704,000","-13,090,000","-16,455,000","-12,152,000","-15,273,000","-8,172,000","-8,762,000","-8,284,000","-8,579,000","5,070,000","-5,163,000","-4,033,000","-2,909,000","-3,866,000","-4,540,000","-4,139,000","-3,955,000","-4,718,000"
		MinorityInterests,,,,,,,,,,,,,,,,,,,,,,,,,,,,,,,,,,,,,,,,,,,,,,,"0","0","0","0","1,041,000","1,200,000","983,000","1,009,000","939,000","1,713,000","1,489,000","1,566,000","2,001,000","1,621,000","3,037,000","2,016,000","4,441,000","3,271,000","2,031,000",,,,,,,,,,,,,
	PreferredStockDividends,,,,,,,,,,,"0","3,267,000",,,,,,,,,,,,,,,,,,,"0",,,,,,,,,,,,,,,,,,,,,,,,,,,,,,,,,,,,,,,,,,,,,,,
	OtherunderPreferredStockDividend,"4,630,000","131,000",,,"333,000",,,,,,,,,,,,,,,,,,,,,,,,,,,,,,,,,,,,,,,,,,,,,,,,,,,,,,,,,,,,,,,,,,,,,,,,,
AverageDilutionEarnings,"3,136,000","-411,000",,,"-2,097,000",,,,,,,,,,,,,,,,,,,,,,,,,,,,,,,,,,,,,,,,,,,,,,,,,,,,,,,,,,,,,,,,,,,,,,,,,
DilutedNIAvailtoComStockholders,"107,187,000","32,317,000","98,757,000","-28,430,000","2,043,000","891,000","-19,591,000","4,401,000","-51,579,000","-12,595,000","-36,756,000","-36,726,000","-42,713,000","-39,672,000","-39,969,000","-40,528,000","-39,444,000","-38,958,000","-27,421,000","-22,128,000","-20,318,000","-25,287,000","-21,741,000","-34,694,000","-28,986,000","-27,023,000","-26,862,000","-30,124,000","-23,591,000","-26,217,000","-22,286,000","-29,819,000","-24,777,000","-13,840,000","-21,525,000","-15,675,000","-17,164,000","-20,825,000","-20,543,000","-17,791,000","-15,110,000","-16,505,000","-4,267,000","-15,229,000","-10,635,000","-18,466,000","-15,122,000","-4,998,000","-28,004,000","-9,184,000","-30,270,000","-9,506,000","4,110,000","5,101,000","3,099,000","-5,420,000","-6,079,000","-12,429,000","-12,076,000","-17,101,000","-17,704,000","-13,090,000","-16,455,000","-12,152,000","-15,273,000","-8,172,000","-8,762,000","-8,284,000","-8,579,000","5,070,000","-5,163,000","-4,033,000","-2,909,000","-3,866,000","-4,540,000","-4,139,000","-3,955,000","-4,718,000"
BasicEPS,,"0.26","0.8","-0.24","0.04","0.01","-0.14","0.04","-0.53","-0.15","-0.44","-0.49","-0.66","-0.62","-0.64","-0.65","-0.63","-0.63","-0.45","-0.38","-0.41","-0.6","-0.56","-0.9","-0.75","-0.7","-0.7","-0.82","-0.8","-0.97","-0.85","-1.1","-0.9","-0.5",,"-0.9","-0.9","-1.1","-1.1","-1","-0.9","-1.1",,"-1.2","-0.9","-1.6",,"-0.6","-3.4","-1.7",,"-2.4","1","1.3",,"-1.4","-1.5","-3.1",,"-4.3","-4.5","-3.3",,"-4","-5","-2.7",,"-3.3","-3.5","2.1",,"-1.6","-1.2","-3.6",,"-23","-22.3","-26.8"
DilutedEPS,,"0.22","0.55","-0.24","0.02","0.01","-0.14","0.04","-0.53","-0.25","-0.44","-0.49","-0.66","-0.62","-0.64","-0.65","-0.63","-0.63","-0.45","-0.38","-0.41","-0.6","-0.56","-0.9","-0.75","-0.7","-0.7","-0.82","-0.8","-0.97","-0.85","-1.1","-0.9","-0.5",,"-0.9","-0.9","-1.1","-1.1","-1","-0.9","-1.1",,"-1.2","-0.9","-1.6",,"-0.6","-3.4","-1.7",,"-2.4","1","1.3",,"-1.4","-1.5","-3.1",,"-4.3","-4.5","-3.3",,"-4","-5","-2.7",,"-3.3","-3.5","2",,"-1.6","-1.2","-3.6",,"-23","-22.3","-26.8"
BasicAverageShares,,"124,555,000","121,380,000","116,903,000","114,629,000","112,035,000","110,176,000","109,816,000","97,339,000","85,477,000","83,868,000","75,106,000","65,088,000","63,778,000","62,694,000","62,650,000","62,346,000","61,744,000","61,007,000","57,650,000","49,700,000","41,830,000","38,544,000","38,512,000","38,496,000","38,472,000","38,429,000","36,532,000","29,335,000","27,065,000","26,298,000","26,290,800","26,286,100","26,282,600",,"18,302,200","18,291,300","18,284,700","18,068,500","17,787,000","16,769,700","15,543,100",,"12,406,900","11,786,400","11,572,600",,"8,682,600","8,201,200","5,436,400",,"4,015,300","3,992,300","3,988,900",,"3,983,100","3,980,600","3,978,500",,"3,975,300","3,974,100","3,972,700",,"3,060,500","3,053,600","3,048,700",,"2,475,100","2,474,500","2,472,200",,"2,460,900","2,459,400","1,084,700",,"180,300","177,600","175,900"
DilutedAverageShares,,"149,425,000","149,744,000","116,903,000","118,830,000","113,469,000","110,176,000","111,973,000","97,339,000","85,648,000","83,868,000","75,106,000","65,088,000","63,778,000","62,694,000","62,650,000","62,346,000","61,744,000","61,007,000","57,650,000","49,700,000","41,830,000","38,544,000","38,512,000","38,496,000","38,472,000","38,429,000","36,532,000","29,335,000","27,065,000","26,298,000","26,290,800","26,286,100","26,282,600",,"18,302,200","18,291,300","18,284,700","18,068,500","17,787,000","16,769,700","15,543,100",,"12,406,900","11,786,400","11,572,600",,"8,682,600","8,201,200","5,436,400",,"4,015,300","4,006,400","3,988,900",,"3,983,100","3,980,600","3,978,500",,"3,975,300","3,974,100","3,972,700",,"3,060,500","3,053,600","3,048,700",,"2,483,700","2,483,700","2,483,700",,"2,460,900","2,459,400","1,084,700",,"180,300","177,600","175,900"
TotalOperatingIncomeAsReported,"136,720,000","30,763,000","80,717,000","16,068,000","9,172,000","28,529,000","-11,895,000","-13,825,000","-23,339,000","-19,312,000","-27,389,000","-30,629,000","-38,971,000","-37,854,000","-37,961,000","-38,897,000","-38,147,000","-38,314,000","-27,841,000","-22,391,000","-20,321,000","-25,452,000","-19,321,000","-34,838,000","-29,254,000","-27,294,000","-26,946,000","-28,441,000","-23,234,000","-26,452,000","-22,413,000","-30,077,000","-24,854,000","-13,967,000","-12,992,000","-15,568,000","-17,049,000","-20,879,000","-20,002,000","-17,097,000","-14,649,000","-15,848,000","-4,734,000","-14,820,000","-10,096,000","-17,927,000","-15,615,000","-6,751,000","-16,272,000","-8,951,000","-11,614,000","-10,711,000","2,867,000","4,343,000","1,892,000","-5,757,000","-6,633,000","-13,622,000","-14,017,000","-19,175,000","-21,822,000","-16,079,000","-21,991,000","-16,096,000","-17,989,000","-8,907,000","-9,468,000","-8,712,000","-9,013,000","4,703,000","-5,495,000","-4,285,000","-3,095,000","-3,985,000",,,,
RentExpenseSupplemental,,,,,,,"2,930,000","2,795,000","2,875,000","2,825,000",,"2,126,000",,"1,060,000","797,000","683,000","490,000","496,000",,,,,,,,,,,,,"0","131,000","178,000","77,000","8,000","918,000",,,,,,,,,,,,,,,,,,,,,,,,,,,,,,,,,,,,,,,,,,
TotalExpenses,"334,379,000","83,229,000","114,353,000","93,202,000","43,595,000","54,806,000","31,445,000","34,090,000","26,007,000","30,231,000","37,317,000","37,267,000","38,495,000","43,627,000","43,279,000","40,358,000","39,401,000","38,479,000","27,862,000","22,444,000","20,426,000","22,817,000","26,613,000","35,000,000","31,901,000","28,236,000","27,631,000","29,629,000","24,784,000","27,079,000","24,690,000","32,286,000","27,902,000","17,465,000","15,839,000","18,495,000","20,441,000","22,964,000","21,808,000","19,971,000","17,333,000","18,198,000","16,161,000","15,994,000","17,365,000","19,671,000","17,381,000","18,400,000","18,463,000","17,295,000","13,803,000","13,612,000","13,017,000","15,001,000","10,053,000","14,614,000","16,611,000","19,936,000","23,312,000","20,189,000","23,622,000","18,063,000","24,429,000","17,688,000","14,338,000","9,195,000","10,068,000","9,116,000","9,966,000","7,995,000","7,950,000","7,945,000","8,587,000","7,190,000",,,,
NetIncomeFromContinuingAndDiscontinuedOperation,"108,681,000","32,859,000","99,779,000","-28,430,000","4,473,000","891,000","-15,467,000","4,401,000","-51,579,000","-12,595,000","-36,756,000","-33,459,000","-42,713,000","-39,672,000","-39,969,000","-40,528,000","-39,444,000","-38,958,000","-27,421,000","-22,128,000","-20,318,000","-25,287,000","-21,741,000","-34,694,000","-28,986,000","-27,023,000","-26,862,000","-30,124,000","-23,591,000","-26,217,000","-22,286,000","-29,819,000","-24,777,000","-13,840,000","-13,056,000","-15,675,000","-17,164,000","-20,825,000","-20,543,000","-17,791,000","-15,110,000","-16,505,000","-4,267,000","-15,229,000","-10,635,000","-18,466,000","-15,122,000","-4,998,000","-28,004,000","-9,184,000","-30,270,000","-9,506,000","4,110,000","5,101,000","3,099,000","-5,420,000","-6,079,000","-12,429,000","-12,076,000","-17,101,000","-17,704,000","-13,090,000","-16,455,000","-12,152,000","-15,273,000","-8,172,000","-8,762,000","-8,284,000","-8,579,000","5,070,000","-5,163,000","-4,033,000","-2,909,000","-3,866,000","-4,540,000","-4,139,000","-3,955,000","-4,718,000"
NormalizedIncome,"124,420,800","31,058,000","85,746,940","15,691,000","6,761,550","19,543,960","-15,391,000","-16,109,080","-25,924,000","-21,205,000","-28,614,000","-29,522,000","-33,936,000","-39,672,000","-39,969,000","-40,528,000","-39,444,000","-38,958,000","-27,421,000","-22,128,000","-20,318,000","-22,504,000","-21,741,000","-34,694,000","-28,986,000","-27,023,000","-26,862,000","-28,453,000","-23,591,000","-26,217,000","-22,286,000","-29,819,000","-24,777,000","-13,840,000","-13,056,000","-15,675,000","-17,164,000","-20,825,000","-20,543,000","-17,663,600","-15,173,000","-16,425,700","-4,873,450","-15,266,700","-10,586,250","-18,412,700","-15,697,900","-6,389,000","-20,633,000","-9,290,600","-30,296,000","-9,558,000","3,963,100","5,325,900","3,099,000","-8,670,000","-6,079,000","-12,429,000","-12,076,000","-17,195,250","-17,705,950","-13,090,000","-16,455,000","-12,152,000","-12,765,000","-8,172,000","-8,762,000","-8,284,000","-8,579,000","5,070,000","-5,163,000","-4,033,000","-2,909,000","-3,866,000","-4,540,000","-4,139,000","-3,955,000","-4,718,000"
InterestIncome,"354,000","261,000","6,000","39,000","48,000","47,000","70,000","269,000","331,000","590,000","766,000","890,000","979,000","735,000","888,000","1,047,000","1,153,000","740,000","528,000","429,000","235,000","145,000","140,000","170,000","220,000","225,000","127,000","33,000","18,000","27,000","29,000","42,000","55,000","65,000","-47,000","37,000","54,000","72,000","83,000","91,000","65,000","52,000","29,000","18,000","23,000","33,000","32,000","12,000","39,000","2,000","-62,000","18,000","46,000","110,000","284,000","81,000","405,000","971,000","1,810,000","308,000","1,078,000",,"1,095,000","673,000","685,000","735,000","706,000",,"434,000","367,000","332,000",,"186,000","119,000",,,,
InterestExpense,"8,144,000","1,680,000","1,679,000","1,676,000","3,109,000","4,712,000","4,805,000","4,794,000","4,732,000","4,731,000","4,866,000","4,779,000","4,598,000","2,734,000","2,751,000","2,735,000","2,691,000","1,161,000",,,,,"0",,"0","0","0","62,000","263,000","247,000","35,000","0","0","0","-83,000","24,000","27,000","32,000","586,000","589,000","589,000","587,000","495,000","485,000","487,000","490,000","425,000","399,000","431,000","399,000","4,000","93,000","12,000","15,000","16,000","6,457,000","1,340,000","1,344,000",,,,,,,,,,,,,,,,,,,,
NetInterestIncome,"-7,790,000","-1,419,000","-1,673,000","-1,637,000","-3,061,000","-4,665,000","-4,735,000","-4,525,000","-4,401,000","-4,141,000","-4,100,000","-3,889,000","-3,619,000","-1,999,000","-1,863,000","-1,688,000","-1,538,000","-421,000","528,000","429,000","235,000","145,000","140,000","170,000","220,000","225,000","127,000","-29,000","-245,000","-220,000","-6,000","42,000","55,000","65,000","36,000","13,000","27,000","40,000","-503,000","-498,000","-524,000","-535,000","-466,000","-467,000","-464,000","-457,000","-393,000","-387,000","-392,000","-397,000","-66,000","-75,000","34,000","95,000","268,000","-6,376,000","-935,000","-373,000","91,000","308,000","1,078,000",,"1,095,000","673,000","685,000","735,000","706,000",,"434,000","367,000","332,000",,"186,000","119,000",,,,
EBIT,"117,633,000","34,539,000","102,266,000","-26,754,000","7,582,000","5,603,000","-10,662,000","9,195,000","-46,847,000","-7,864,000","-31,890,000","-28,680,000","-38,115,000","-36,938,000","-37,218,000","-37,793,000","-36,753,000","-37,797,000","-27,841,000","-22,391,000","-20,321,000","-22,669,000","-19,321,000","-34,838,000","-29,254,000","-27,294,000","-26,862,000","-30,062,000","-23,328,000","-25,970,000","-22,251,000","-29,819,000","-24,854,000","-13,840,000","-12,907,000","-15,651,000","-17,137,000","-20,793,000","-20,004,000","-17,097,000","-14,521,000","-15,848,000","-4,734,000","-14,820,000","-10,096,000","-17,927,000","-15,615,000","-6,751,000","-16,272,000","-8,951,000","-11,614,000","-10,711,000","2,867,000","4,343,000","1,892,000","-5,757,000","-6,633,000","-13,622,000","-14,017,000","-19,175,000","-21,822,000","-16,079,000","-21,991,000","-16,096,000","-13,809,000","-8,907,000","-9,468,000","-8,712,000","-9,013,000","4,703,000","-5,495,000","-4,285,000","-3,095,000","-3,985,000","-17,883,000","23,000","96,000",
EBITDA,"124,613,000"
ReconciledCostOfRevenue,"188,909,000","39,962,000","74,012,000","60,090,000","14,845,000","24,625,000","4,058,000","4,031,000","1,169,000","4,652,000","4,730,000","6,148,000","4,438,000","4,073,000","3,949,000","7,750,000","7,475,000","2,622,000",,,,,,,,,"0","0","0","0","0",,"0","0","0","0","0","0","0","0","0","0","0","0","0","0","0","0","0","0","0","0","0","0",,,,,,,,,,,,,,,,,,,,,,,,
ReconciledDepreciation,"6,980,000","1,728,000","1,718,000","1,765,000","1,769,000","1,759,000","1,763,000","1,748,000","1,878,000","3,946,000","4,056,000","7,662,000","4,535,000","5,277,000","3,434,000","4,676,000","3,133,000","3,240,000","1,982,000","782,000","885,000","789,000","683,000","628,000","544,000","402,000","407,000","324,000","299,000","335,000","388,000","336,000","341,000","339,000","341,000","340,000","327,000","319,000","309,000","306,000","300,000","292,000","294,000","305,000","398,000","605,000","546,000","588,000","617,000","644,000","667,000","720,000","735,000","715,000","734,000","698,000","1,046,000","352,000","-1,214,000","631,000","1,310,000","-95,000","136,000","2,027,000","-1,481,000","850,000","1,593,000","-141,000","1,496,000","184,000","1,022,000","745,000","1,387,000","119,000",,,,
NetIncomeFromContinuingOperationNetMinorityInterest,"108,681,000","32,859,000","99,779,000","-28,430,000","4,473,000","891,000","-15,467,000","4,401,000","-51,579,000","-12,595,000","-36,756,000","-33,459,000","-42,713,000","-39,672,000","-39,969,000","-40,528,000","-39,444,000","-38,958,000","-27,421,000","-22,128,000","-20,318,000","-25,287,000","-21,741,000","-34,694,000","-28,986,000","-27,023,000","-26,862,000","-30,124,000","-23,591,000","-26,217,000","-22,286,000","-29,819,000","-24,777,000","-13,840,000","-13,056,000","-15,675,000","-17,164,000","-20,825,000","-20,543,000","-17,791,000","-15,110,000","-16,505,000","-4,267,000","-15,229,000","-10,635,000","-18,466,000","-15,122,000","-4,998,000","-28,004,000","-9,184,000","-30,270,000","-9,506,000","4,110,000","5,101,000","3,099,000","-5,420,000","-6,079,000","-12,429,000","-12,076,000","-17,101,000","-17,704,000","-13,090,000","-16,455,000","-12,152,000","-15,273,000","-8,172,000","-8,762,000","-8,284,000","-8,579,000","5,070,000","-5,163,000","-4,033,000","-2,909,000","-3,866,000","-4,540,000","-4,139,000","-3,955,000","-4,718,000"
TotalUnusualItemsExcludingGoodwill,"-26,233,000","1,801,000","19,222,000","-44,121,000","-3,135,000","-25,552,000","-76,000","28,096,000","-25,655,000","8,610,000","-8,142,000","-3,937,000","-8,777,000",,"0","0","0","0","0","-166,000","-232,000","-2,783,000","-2,560,000","-26,000","48,000","46,000","0","-1,671,000","-112,000","455,000","133,000",,"-156,000","-15,000","-108,000","-120,000","-142,000","14,000","-38,000","-196,000","63,000","-122,000","933,000","58,000","-75,000","-82,000","886,000","2,140,000","-11,340,000","164,000","40,000","80,000","226,000","-346,000","0","5,000,000",,,,"145,000","3,000",,"0",,"-4,180,000",,,,,,,,,,,,,
TotalUnusualItems,"-26,233,000","1,801,000","19,222,000","-44,121,000","-3,135,000","-25,552,000","-76,000","28,096,000","-25,655,000","8,610,000","-8,142,000","-3,937,000","-8,777,000",,"0","0","0","0","0","-166,000","-232,000","-2,783,000","-2,560,000","-26,000","48,000","46,000","0","-1,671,000","-112,000","455,000","133,000",,"-156,000","-15,000","-108,000","-120,000","-142,000","14,000","-38,000","-196,000","63,000","-122,000","933,000","58,000","-75,000","-82,000","886,000","2,140,000","-11,340,000","164,000","40,000","80,000","226,000","-346,000","0","5,000,000",,,,"145,000","3,000",,"0",,"-4,180,000",,,,,,,,,,,,,
NormalizedEBITDA,"150,846,000","34,466,000","84,762,000","19,132,000","12,486,000","32,914,000","-8,823,000","-17,153,000","-19,314,000","-12,528,000","-19,692,000","-17,081,000","-24,803,000","-31,661,000","-33,784,000","-33,117,000","-33,620,000","-34,557,000","-25,859,000","-21,609,000","-19,436,000","-19,097,000","-18,638,000","-34,210,000","-28,710,000","-26,892,000","-26,455,000","-28,067,000","-23,029,000","-25,635,000","-21,863,000","-29,483,000","-24,513,000","-13,501,000","-12,566,000","-15,311,000","-16,810,000","-20,474,000","-19,695,000","-16,595,000","-14,284,000","-15,434,000","-5,373,000","-14,573,000","-9,623,000","-17,240,000","-15,955,000","-8,303,000","-4,315,000","-8,471,000","-10,987,000","-10,071,000","3,376,000","5,404,000","2,626,000","-10,059,000","-5,587,000","-13,270,000","-13,767,000","-18,689,000","-20,515,000","-15,828,000","-21,740,000","-14,069,000","-9,433,000","-8,057,000","-7,875,000","-8,712,000","-7,517,000","4,887,000","-4,473,000","-3,540,000","-1,708,000","-3,866,000","-17,883,000","23,000","96,000",
TaxRateForCalcs,"0.4","0","0.27","0","0.27","0.27","0","0.27","0","0","0","0","0","0","0","0","0","0","0","0","0","0","0","0","0","0","0","0","0","0","0","0","0","0","0","0","0","0","0.35","0.35","0","0.35","0.35","0.35","0.35","0.35","0.35","0.35","0.35","0.35","0.35","0.35","0.35","0.35","0.35","0.35","0.35","0.35","0.35","0.35","0.35","0.35","0.4","0.4","0.4","0.4","0.4","0.4","0.4","0.4","0.4","0.4","0.4","0.4","0.4","0.4","0.4","0.4"
TaxEffectOfUnusualItems,"-10,493,200","0","5,189,940","0","-846,450","-6,899,040","0","7,585,920","0","0","0","0","0","0","0","0","0","0","0","0","0","0","0","0","0","0","0","0","0","0","0","0","0","0","0","0","0","0","0","-68,600","0","-42,700","326,550","20,300","-26,250","-28,700","310,100","749,000","-3,969,000","57,400","14,000","28,000","79,100","-121,100","0","1,750,000","0","0","0","50,750","1,050","0","0","0","-1,672,000","0","0","0","0","0","0","0","0","0","0","0","0","0"