name,ttm,03/31/2022,12/31/2021,09/30/2021,06/30/2021,03/31/2021,12/31/2020,09/30/2020,06/30/2020,03/31/2020,12/31/2019,09/30/2019,06/30/2019,03/31/2019,12/31/2018,09/30/2018,06/30/2018,03/31/2018,12/31/2017,09/30/2017,06/30/2017,03/31/2017,12/31/2016,09/30/2016,06/30/2016,03/31/2016,12/31/2015,09/30/2015,06/30/2015,03/31/2015,12/31/2014,09/30/2014,06/30/2014,03/31/2014,12/31/2013,09/30/2013,06/30/2013,03/31/2013,12/31/2012,09/30/2012,06/30/2012,03/31/2012,12/31/2011,09/30/2011,06/30/2011,03/31/2011,12/31/2010,09/30/2010,06/30/2010,03/31/2010,12/31/2009,09/30/2009,06/30/2009,03/31/2009,12/31/2008,09/30/2008,06/30/2008,03/31/2008,12/31/2007,09/30/2007,06/30/2007,03/31/2007,12/31/2006,09/30/2006,06/30/2006,03/31/2006,12/31/2005,09/30/2005,06/30/2005,03/31/2005,12/31/2004,09/30/2004,06/30/2004,03/31/2004,12/31/2003,09/30/2003,06/30/2003,03/31/2003,12/31/2002,09/30/2002,06/30/2002,03/31/2002,12/31/2001,09/30/2001,06/30/2001,03/31/2001
TotalRevenue,"1,851,581,000","486,571,000","473,812,000","456,379,000","434,819,000","402,077,000","466,339,000","408,363,000","268,868,000","347,821,000","295,575,000","218,805,000","199,870,000","162,043,000","142,981,000","118,291,000","102,894,000","90,296,000","87,406,000","72,574,000","57,646,000","48,363,000","35,241,000","28,115,000","21,185,000","14,835,000","14,420,000","12,632,000","8,119,000","4,266,000","1,504,000","0","0","294,000","1,036,000","1,036,000","1,036,000","1,036,000","1,036,000","1,036,000","1,036,000","1,036,000","1,042,000","1,039,000","1,042,000","1,040,000","1,375,000","1,356,000","1,314,000","1,299,000","1,244,000","1,256,000","1,258,000","1,000,000","-1,896,000","337,000",,"51,000","537,000","113,000","1,115,000","1,170,000","1,180,000","1,155,000","1,221,000","1,194,000","1,185,000","1,195,000","623,000","1,247,000","1,275,000","1,261,000","1,222,000","1,177,000","1,169,000","918,000","406,000","408,000","408,299","409,479","39,956","39,266","37,781","13,089","1","1"
	OperatingRevenue,"1,851,581,000","486,571,000","473,812,000","456,379,000","434,819,000","402,077,000","466,339,000","408,363,000","268,868,000","347,821,000","295,575,000","218,805,000","199,870,000","162,043,000","142,981,000","118,291,000","102,894,000","90,296,000","87,406,000","72,574,000","57,646,000","48,363,000","35,241,000","28,115,000","21,185,000","14,835,000","14,420,000","12,632,000","8,119,000","4,266,000","1,504,000","0","0","294,000","1,036,000","1,036,000","1,036,000","1,036,000","1,036,000","1,036,000","1,036,000","1,036,000","1,042,000","1,039,000","1,042,000","1,040,000","1,375,000","1,356,000","1,314,000","1,299,000","1,244,000","1,256,000","1,258,000","1,000,000","-1,896,000","337,000",,"51,000","537,000","113,000","1,115,000","1,170,000","1,180,000","1,155,000","1,221,000","1,194,000","1,185,000","1,195,000","623,000","1,247,000","1,275,000","1,261,000","1,222,000","1,177,000","1,169,000","918,000","406,000","408,000","408,299","409,479","39,956","39,266","37,781","13,089","1","1"
CostOfRevenue,"483,500,000","134,700,000","119,100,000","115,700,000","114,000,000","110,000,000","99,700,000","95,100,000","66,200,000","81,600,000","69,100,000","52,800,000","51,600,000","43,300,000","38,200,000","30,000,000","26,900,000","22,900,000","23,500,000","20,700,000","18,000,000","17,000,000","13,900,000","12,200,000","10,100,000","9,100,000","7,700,000","7,500,000","5,100,000","4,200,000","3,401,000","924,000",,,,,,,"0","0","0","0","6,000","6,000","6,000","6,000","6,000","6,000","6,000","6,000","7,000","5,000","8,000","0","-1,787,000","1,000,000",,"1,000","1,137,000","46,000","1,000","2,000","26,000","102,000","93,000","588,000","54,000","332,000","132,000","48,000","172,000","223,000","60,000","32,000","6,000","13,000",,"3,000","2,565","4,158","1,905","372",,,"-211,098","-187,674"
GrossProfit,"1,368,081,000","351,871,000","354,712,000","340,679,000","320,819,000","292,077,000","366,639,000","313,263,000","202,668,000","266,221,000","226,475,000","166,005,000","148,270,000","118,743,000","104,781,000","88,291,000","75,994,000","67,396,000","63,906,000","51,874,000","39,646,000","31,363,000","21,341,000","15,915,000","11,085,000","5,735,000","6,720,000","5,132,000","3,019,000","66,000","-1,897,000","-924,000",,,,,,,"1,036,000","1,036,000","1,036,000","1,036,000","1,036,000","1,033,000","1,036,000","1,034,000","1,369,000","1,350,000","1,308,000","1,293,000","1,237,000","1,251,000","1,250,000","1,000,000","-109,000","-663,000","-146,000","50,000","-600,000","67,000","1,114,000","1,168,000","1,154,000","1,053,000","1,128,000","606,000","1,131,000","863,000","491,000","1,199,000","1,103,000","1,038,000","1,162,000","1,145,000","1,163,000","905,000",,"405,000","405,734","405,321","38,051","38,894",,,"211,099","187,675"
OperatingExpense,"2,080,121,000","528,883,000","576,239,000","482,413,000","492,486,000","592,598,000","781,825,000","306,982,000","258,000,000","348,597,000","322,616,000","201,741,000","182,093,000","186,955,000","154,105,000","129,167,000","108,743,000","103,943,000","86,902,000","80,293,000","71,065,000","66,903,000","59,088,000","54,233,000","56,241,000","53,637,000","47,209,000","48,342,000","42,408,000","36,095,000","30,661,000","31,290,000","19,540,000","16,486,000","13,215,000","12,297,000","13,359,000","11,885,000","15,078,000","14,044,000","15,926,000","11,738,000","10,972,000","8,876,000","7,678,000","5,436,000","5,192,000","4,746,000","3,792,000","3,416,000","3,092,000","2,327,000","3,693,000","4,876,000","1,938,000","1,848,000","2,023,000","2,694,000","3,242,000","3,684,000","3,179,000","3,314,000","3,207,000","4,456,000","4,687,000","5,087,000","4,143,000","4,442,000","4,703,000","5,404,000","5,858,000","5,618,000","5,613,000","6,554,000","6,976,000","7,870,000","8,416,000","8,455,000","7,618,398","8,070,309","8,144,283","7,900,010","7,147,207","6,365,595","6,721,808","6,365,491"
	SellingGeneralAndAdministration,"1,611,329,000","401,981,000","463,704,000","383,117,000","362,427,000","453,841,000","312,227,000","252,081,000","225,562,000","281,749,000","264,051,000","166,796,000","151,890,000","154,939,000","133,173,000","111,536,000","94,031,000","89,008,000","74,227,000","68,568,000","61,328,000","58,901,000","52,006,000","46,608,000","47,601,000","43,511,000","36,544,000","37,379,000","33,393,000","28,724,000","24,069,000","22,217,000","12,366,000","9,056,000","6,502,000","5,315,000","6,902,000","4,359,000","4,639,000","3,553,000","3,724,000","2,739,000","3,300,000","2,766,000","2,481,000","2,447,000","2,722,000","2,111,000","1,669,000","1,621,000","1,839,000","1,490,000","1,678,000","4,768,000","1,868,000","1,271,000","1,495,000","1,835,000","1,973,000","2,675,000","1,847,000","2,037,000","2,055,000","2,751,000","2,769,000","3,127,000","2,393,000","2,505,000","2,828,000","3,123,000","3,249,000","3,100,000","2,973,000","3,420,000","3,809,000","3,558,000","3,824,000","3,442,000","2,868,706","2,939,603","3,078,461","2,857,230","2,739,332","2,830,582","3,661,147","3,635,001"
		GeneralAndAdministrativeExpense,"703,400,000","169,800,000","179,400,000","186,500,000","167,600,000","267,700,000","145,400,000","115,600,000","106,700,000","114,000,000","144,200,000","80,600,000","63,700,000","64,000,000","56,400,000","46,700,000","39,600,000","35,600,000","33,600,000","30,800,000","24,600,000","20,100,000","21,500,000","20,300,000","17,300,000","17,800,000","14,600,000","14,300,000","12,800,000","12,200,000","9,000,000","9,000,000","6,200,000","4,600,000","3,600,000","3,700,000","3,600,000","2,600,000","2,815,000","2,547,000","2,393,000","2,145,000","2,206,000","1,951,000","1,830,000","2,150,000","1,683,000","1,796,000","1,339,000","1,512,000","1,665,000","1,478,000","1,638,000",,,,,,,,,,,,,,,,,,,,,,,,,,,,,,,,,
			SalariesAndWages,"453,200,000","124,000,000","118,000,000","111,700,000","99,500,000","203,900,000","83,900,000","75,200,000","70,900,000","67,700,000","83,400,000","40,800,000","37,700,000","38,900,000","32,300,000","24,900,000","23,500,000","21,200,000","19,700,000","17,900,000","12,100,000","11,100,000","13,600,000","11,300,000","9,900,000","10,200,000","7,900,000","8,100,000","6,500,000","5,800,000","4,800,000","3,200,000","2,500,000","2,200,000","1,800,000","1,600,000","1,300,000","900,000",,,,,,,,,,,,,,,,,,,,,,,,,,,,,,,,,,,,,,,,,,,,,,,,
			OtherGandA,"250,200,000","45,800,000","61,400,000","74,800,000","68,100,000","63,800,000","61,500,000","40,400,000","35,800,000","46,300,000","60,800,000","39,800,000","26,000,000","25,100,000","24,100,000","21,800,000","16,100,000","14,400,000","13,900,000","12,900,000","12,500,000","9,000,000","7,900,000","9,000,000","7,400,000","7,600,000","6,700,000","6,200,000","6,300,000","6,400,000","4,200,000","5,800,000","3,700,000","2,400,000","1,800,000","2,100,000","2,300,000","1,700,000","-1,885,000","2,547,000","2,393,000","2,145,000","2,206,000","1,951,000","1,830,000","2,150,000","1,683,000","1,796,000","1,339,000","1,512,000","1,665,000","1,478,000","1,638,000",,,,,,,,,,,,,,,,,,,,,,,,,,,,,,,,,
		SellingAndMarketingExpense,"907,929,000","232,181,000","284,304,000","196,617,000","194,827,000","186,141,000","166,827,000","136,481,000","118,862,000","167,749,000","119,851,000","86,196,000","88,190,000","90,939,000","76,773,000","64,836,000","54,431,000","53,408,000","40,627,000","37,768,000","36,728,000","38,801,000","30,506,000","26,308,000","30,301,000","25,711,000","21,944,000","23,079,000","20,593,000","16,524,000","15,069,000","13,217,000","6,166,000","4,456,000","2,902,000","1,615,000","3,302,000","1,759,000","1,824,000","1,006,000","1,331,000","594,000","1,094,000","815,000","651,000","297,000","1,039,000","315,000","330,000","109,000","174,000","12,000","40,000",,,,,,,,,,,,,,,,,,,,,,,,,,,,,,,,,
	ResearchAndDevelopment,"372,327,000","102,248,000","88,488,000","75,356,000","106,235,000","115,567,000","446,399,000","31,471,000","32,673,000","43,509,000","42,530,000","34,945,000","30,203,000","32,016,000","20,932,000","17,631,000","14,712,000","14,935,000","12,675,000","11,725,000","9,737,000","8,002,000","7,082,000","7,625,000","8,640,000","10,126,000","9,365,000","9,863,000","8,115,000","6,571,000","4,992,000","9,073,000","7,174,000","7,430,000","6,713,000","6,982,000","6,457,000","7,526,000","10,439,000","10,491,000","12,202,000","8,999,000","7,672,000","6,110,000","5,197,000","2,989,000","2,470,000","2,635,000","2,123,000","1,795,000","1,253,000","837,000","2,015,000","108,000","70,000","577,000","528,000","859,000","1,269,000","1,009,000","1,332,000","1,277,000","1,152,000","1,705,000","1,918,000","1,960,000","1,750,000","1,937,000","1,875,000","2,281,000","2,609,000","2,518,000","2,640,000","3,134,000","3,167,000","4,312,000","4,592,000","5,013,000","4,749,692","5,130,706","5,065,822","5,042,780","4,407,875","3,535,013","2,849,562","2,542,815"
	DepreciationAmortizationDepletionIncomeStatement,"96,465,000","24,654,000","24,047,000","23,940,000","23,824,000","23,190,000","23,199,000","23,430,000","23,430,000","23,339,000","13,779,000",,,,,,,,,,,,,,,,"1,300,000","1,100,000","900,000","800,000",,,,,,,,,,,,,,,,,,,,,,,,,,,,,,,,,,,,,,,,,,,,,,,,,,,,,,,"211,098","187,674"
		DepreciationAndAmortizationInIncomeStatement,"96,465,000","24,654,000","24,047,000","23,940,000","23,824,000","23,190,000","23,199,000","23,430,000","23,430,000","23,339,000","13,779,000",,,,,,,,,,,,,,,,"1,300,000","1,100,000","900,000","800,000",,,,,,,,,,,,,,,,,,,,,,,,,,,,,,,,,,,,,,,,,,,,,,,,,,,,,,,"211,098","187,674"
			DepreciationIncomeStatement,,,,,,,,,,,,,,,,,,,,,,,,,,,"1,300,000","1,100,000","900,000","800,000",,,,,,,,,,,,,,,,,,,,,,,,,,,,,,,,,,,,,,,,,,,,,,,,,,,,,,,,
			Amortization,"96,465,000","24,654,000","24,047,000","23,940,000","23,824,000","23,190,000","23,199,000","23,430,000","23,430,000","23,339,000","13,779,000",,,,,,,,,,,,,,,,,,,,,,,,,,,,,,,,,,,,,,,,,,,,,,,,,,,,,,,,,,,,,,,,,,,,,,,,,,,
				AmortizationOfIntangiblesIncomeStatement,"96,465,000","24,654,000","24,047,000","23,940,000","23,824,000","23,190,000","23,199,000","23,430,000","23,430,000","23,339,000","13,779,000",,,,,,,,,,,,,,,,,,,,,,,,,,,,,,,,,,,,,,,,,,,,,,,,,,,,,,,,,,,,,,,,,,,,,,,,,,,
	OtherOperatingExpenses,,,,,,,"0",,"-23,665,000",,,,,,,,,,,,,,,,,,,,,,,,,,,,,,,,,,,,,,,,,,,,,,,,,,,,,,,,,,,,,,,,,,,,,,,,,,,,"1","1"
OperatingIncome,"-712,040,000","-177,012,000","-221,527,000","-141,734,000","-171,667,000","-300,521,000","-415,186,000","6,281,000","-55,332,000","-82,376,000","-96,141,000","-35,736,000","-33,823,000","-68,212,000","-49,324,000","-40,876,000","-32,749,000","-36,547,000","-22,996,000","-28,419,000","-31,419,000","-35,540,000","-37,747,000","-38,318,000","-45,156,000","-47,902,000","-40,489,000","-43,210,000","-39,389,000","-36,029,000","-32,558,000","-32,214,000","-19,540,000","-16,192,000","-12,179,000","-11,261,000","-12,323,000","-10,849,000","-14,042,000","-13,008,000","-14,890,000","-10,702,000","-9,936,000","-7,843,000","-6,642,000","-4,402,000","-3,823,000","-3,396,000","-2,484,000","-2,123,000","-1,855,000","-1,076,000","-2,443,000","-3,876,000","-2,047,000","-2,511,000","-2,023,000","-2,644,000","-3,842,000","-3,617,000","-2,065,000","-2,146,000","-2,053,000","-3,403,000","-3,559,000","-4,481,000","-3,012,000","-3,579,000","-4,212,000","-4,205,000","-4,755,000","-4,580,000","-4,451,000","-5,409,000","-5,813,000","-6,965,000","-8,010,000","-8,050,000","-7,212,664","-7,664,988","-8,106,232","-7,861,116","-7,109,426","-6,352,506","-6,510,709","-6,177,816"
NetNonOperatingInterestIncomeExpense,"-18,468,000","-4,478,000","-4,658,000","-4,680,000","-4,652,000","-4,616,000","-24,336,000","-23,582,000","-22,912,000","-17,199,000","-13,688,000","-13,209,000","-12,712,000","-21,990,000","-10,972,000","-10,704,000","-8,603,000","-6,510,000","-51,000","-51,000","-54,000","-50,000","-52,000","-54,000","-53,000","-54,000","-62,000","-40,000","107,000","-11,000","-11,000","-12,000","-13,000","-15,000","-16,000","-16,000","-18,000","-19,000","-208,000","56,000","54,000","57,000","32,000","70,000","17,000","29,000","6,000","14,000","7,000","-1,000","1,000","35,000","49,000","34,000",,,,,,,,,,,,,,,,,,,,,,,,,,,,,,,,
	InterestIncomeNonOperating,,,,,,,,,,,,,,,,,,,,,,,,,,,,,"107,000",,,,"146,000","86,000","96,000",,,"62,000","74,000","67,000","59,000","62,000","38,000","75,000","22,000",,,,,,"1,000","35,000","49,000","34,000",,,,,,,,,,,,,,,,,,,,,,,,,,,,,,,,
	InterestExpenseNonOperating,"12,742,000","3,066,000","3,215,000","3,236,000","3,224,000","4,616,000","23,213,000","22,459,000","21,773,000","16,377,000","13,688,000","13,209,000","12,712,000","21,990,000","10,972,000","10,704,000","8,603,000","6,510,000","51,000","51,000","54,000","50,000","52,000",,,"54,000","62,000",,"107,000","11,000","11,000","12,000","13,000","15,000","16,000","16,000","18,000","19,000","20,000","11,000","5,000","5,000","6,000","5,000","5,000",,,,,,,,,,,,,,,,,,,,,,,,,,,,,,,,,,,,,,,,,
	TotalOtherFinanceCost,"5,726,000","1,412,000","1,443,000","1,444,000","1,428,000",,"1,123,000","1,123,000","1,139,000","822,000",,,,,,,,,,,,,,"54,000","53,000",,,"40,000","-107,000",,,,,,,,,,,,,,,,,"-29,000","-6,000","-14,000","-7,000","1,000",,,,,,,,,,,,,,,,,,,,,,,,,,,,,,,,,,,,
OtherIncomeExpense,"-21,107,000","-1,487,000","1,254,000","-24,303,000","3,429,000","31,188,000","1,365,000","-207,143,000","2,912,000","-7,857,000","3,113,000","9,093,000","7,669,000","6,655,000","6,321,000","6,292,000","4,917,000","3,673,000","1,320,000","1,334,000","683,000","595,000","592,000","535,000","425,000","466,000","491,000","365,000","193,000","222,000","150,000","160,000","146,000","86,000","96,000","103,000","55,000","62,000",,,,,,,,,,,,,"0",,,"3,000","-70,000","-539,000","-141,000","2,000","-358,000","-788,000","2,000","-33,000",,,,,"0",,,"-626,000",,,,,,,,,,,,,,,,
	GainOnSaleOfSecurity,"-897,000","-1,487,000","1,254,000","-4,093,000","3,429,000","31,188,000","1,365,000","2,523,000","2,912,000","97,000","3,113,000","9,093,000","7,669,000","6,655,000","6,321,000","6,292,000","4,917,000","3,673,000","1,320,000","1,334,000","683,000","595,000","592,000","535,000","425,000","466,000","491,000","365,000","193,000","222,000","150,000","160,000","146,000","86,000","96,000","103,000","55,000","62,000",,,,,,,,,,,,,,,,,,,,,,,,,,,,,,,,,,,,,,,,,,,,,,,,
	SpecialIncomeCharges,,,"0","-20,210,000","0","0","0","-209,666,000","0","-7,954,000",,,,,,,,,,,,,,,,,,,,,,,,,,,,,,,,,,,,,"244,000","0","0","0","0","0","0","3,000","-70,000","-539,000","-141,000","2,000","-358,000","-788,000","2,000","-33,000",,,,,"0",,,"-626,000",,,,,,,,,,,,,,,,
		RestructuringAndMergernAcquisition,,,,,,,,,,,,,,,,,,,,,,,,,,,,,,,,,,,,,,,,,,,,,,,"0","0","0","0","0","0","0","-3,000","70,000","539,000","-5,000","-2,000","358,000","788,000","-2,000","33,000",,,,,"0",,,"626,000",,,,,,,,,,,,,,,,
		ImpairmentOfCapitalAssets,,,"0","20,210,000",,,"0","209,666,000",,,,,,,,,,,,,,,,,,,,,,,,,,,,,,,,,,,,,,,,,,,,,,,,,,,,,,,,,,,,,,,,,,,,,,,,,,,,,,
		OtherSpecialCharges,,,,,,,"0",,,"7,954,000",,,,,,,,,,,,,,,,,,,,,,,,,,,,,,,,,,,,,,,,,,,,,,,"146,000",,,,,,,,,,,,,,,,,,,,,,,,,,,,,
PretaxIncome,"-751,489,000","-182,952,000","-224,854,000","-170,796,000","-172,887,000","-273,969,000","-438,273,000","-224,394,000","-87,009,000","-107,429,000","-106,683,000","-39,776,000","-38,863,000","-83,529,000","-53,967,000","-45,337,000","-36,388,000","-39,365,000","-21,720,000","-27,128,000","-30,790,000","-34,995,000","-37,207,000","-37,837,000","-44,784,000","-47,490,000","-40,060,000","-42,885,000","-39,089,000","-35,818,000","-32,419,000","-32,066,000","-19,407,000","-16,121,000","-12,099,000","-11,174,000","-12,286,000","-10,806,000","-13,988,000",,,,,,,,,,,,,,,,,,,,,,,,,,,,,,,,,,,,,,,,,,,,,,,
TaxProvision,"-6,091,000","-2,015,000","-4,243,000","-3,858,000","4,025,000","-242,805,000","-1,463,000","-4,510,000","-867,000","-1,732,000","-184,628,000","683,000","-443,000","-470,000","7,000","27,000","-1,000","59,000","44,000","-231,000",,,,,,,,,,,,,,,,,,,,,,,,,,,,,,,,,,,,,,,,,,,,,,,,,,,,,,,,,,,,,,,,,,
NetIncomeCommonStockholders,"-745,398,000","-180,937,000","-220,611,000","-166,938,000","-176,912,000","-31,164,000","-436,810,000","-219,884,000","-86,142,000","-105,697,000","77,945,000","-40,459,000","-38,420,000","-83,059,000","-53,974,000","-45,364,000","-36,387,000","-39,424,000","-21,764,000","-26,897,000","-30,790,000","-34,946,000","-37,170,000","-37,803,000","-44,765,000","-47,473,000","-39,991,000","-42,945,000","-39,066,000","-35,801,000","-32,444,000","-32,060,000","-19,437,000","-16,107,000","-12,186,000","-11,160,000","-12,314,000","-10,854,000","-13,988,000","-12,952,000","-14,836,000","-10,645,000","-9,904,000","-7,773,000","-6,625,000","-4,373,000","-3,573,000","-3,382,000","-2,477,000","-2,124,000","-1,854,000","-1,041,000","-2,394,000","-3,839,000","-2,109,000","-3,014,000","-2,100,000","-2,518,000","-4,019,000","-4,195,000","-1,825,000","-1,920,000","-2,423,000","-3,083,000","-3,246,000","-4,163,000","-2,695,000","-3,289,000","-3,951,000","-4,585,000","-4,550,000","-4,403,000","-4,279,000","-5,291,000","-5,711,000","-6,862,000","-7,884,000","-7,883,000","-7,008,662","-7,413,676","-7,874,777","-7,585,885","-6,644,904","-5,729,378","-5,710,984","-5,400,159"
	NetIncome,"-745,398,000","-180,937,000","-220,611,000","-166,938,000","-176,912,000","-31,164,000","-436,810,000","-219,884,000","-86,142,000","-105,697,000","77,945,000","-40,459,000","-38,420,000","-83,059,000","-53,974,000","-45,364,000","-36,387,000","-39,424,000","-21,764,000","-26,897,000","-30,790,000","-34,946,000","-37,170,000","-37,803,000","-44,765,000","-47,473,000","-39,991,000","-42,945,000","-39,066,000","-35,801,000","-32,444,000","-32,060,000","-19,437,000","-16,107,000","-12,186,000","-11,160,000","-12,314,000","-10,854,000","-13,988,000","-12,952,000","-14,836,000","-10,645,000","-9,904,000","-7,773,000","-6,625,000","-4,373,000","-3,573,000","-3,382,000","-2,477,000","-2,124,000","-1,854,000","-1,041,000","-2,394,000","-3,839,000","-2,109,000","-3,014,000","-2,100,000","-2,518,000","-4,019,000","-4,195,000","-1,825,000","-1,920,000","-2,423,000","-3,083,000","-3,246,000","-4,163,000","-2,695,000","-3,289,000","-3,951,000","-4,585,000","-4,550,000","-4,403,000","-4,279,000","-5,291,000","-5,711,000","-6,862,000","-7,884,000","-7,883,000","-7,008,662","-7,413,676","-7,874,777","-7,585,885","-6,644,904","-5,729,378","-5,710,984","-5,400,159"
		NetIncomeIncludingNoncontrollingInterests,"-745,398,000","-180,937,000","-220,611,000","-166,938,000","-176,912,000","-31,164,000","-436,810,000","-219,884,000","-86,142,000","-105,697,000","77,945,000","-40,459,000","-38,420,000","-83,059,000","-53,974,000","-45,364,000","-36,387,000","-39,424,000","-21,764,000","-26,897,000","-30,790,000","-34,946,000","-37,170,000","-37,803,000","-44,765,000","-47,473,000","-39,991,000","-42,945,000","-39,066,000","-35,801,000","-32,444,000","-32,060,000","-19,437,000","-16,107,000","-12,186,000","-11,160,000","-12,314,000","-10,854,000","-13,988,000","-12,952,000","-14,836,000","-10,645,000","-9,904,000","-7,773,000","-6,625,000","-4,373,000","-3,573,000","-3,382,000","-2,477,000","-2,124,000","-1,854,000","-1,041,000","-2,394,000","-3,839,000","-2,109,000","-3,014,000","-2,100,000","-2,518,000","-4,019,000","-4,195,000","-1,825,000","-1,920,000","-2,423,000","-3,083,000","-3,246,000","-4,163,000","-2,695,000","-3,289,000","-3,951,000","-4,585,000","-4,550,000","-4,403,000","-4,279,000","-5,291,000","-5,711,000","-6,862,000","-7,884,000","-7,883,000","-7,008,662","-7,413,676","-7,874,777","-7,585,885","-6,644,904","-5,729,378","-5,710,984","-5,400,159"
			NetIncomeContinuousOperations,"-745,398,000","-180,937,000","-220,611,000","-166,938,000","-176,912,000","-31,164,000","-436,810,000","-219,884,000","-86,142,000","-105,697,000","77,945,000","-40,459,000","-38,420,000","-83,059,000","-53,974,000","-45,364,000","-36,387,000","-39,424,000","-21,764,000","-26,897,000","-30,790,000","-34,995,000","-37,207,000","-37,837,000","-44,784,000","-47,490,000","-40,060,000","-42,885,000","-39,089,000","-35,818,000","-32,419,000","-32,066,000","-19,407,000","-16,121,000","-12,099,000","-11,174,000","-12,286,000","-10,806,000","-13,988,000","-12,952,000","-14,836,000","-10,645,000","-9,904,000","-7,773,000","-6,625,000","-4,373,000","-3,573,000","-3,382,000","-2,477,000","-2,124,000","-1,854,000","-1,041,000","-2,394,000","-3,839,000","-2,109,000","-3,014,000","-2,100,000","-2,518,000","-4,019,000","-4,195,000","-1,825,000","-1,920,000","-2,423,000","-3,083,000","-3,246,000","-4,163,000","-2,695,000","-3,289,000","-3,951,000","-4,585,000","-4,550,000","-4,403,000","-4,279,000","-5,291,000","-5,711,000","-6,862,000","-7,884,000","-7,883,000","-7,008,662","-7,413,676","-7,874,777","-7,585,885","-6,644,904","-5,729,378","-5,710,984","-5,400,159"
DilutedNIAvailtoComStockholders,"-745,398,000","-180,937,000","-220,611,000","-166,938,000","-176,912,000","-31,164,000","-436,810,000","-219,884,000","-86,142,000","-105,697,000","77,945,000","-40,459,000","-38,420,000","-83,059,000","-53,974,000","-45,364,000","-36,387,000","-39,424,000","-21,764,000","-26,897,000","-30,790,000","-34,946,000","-37,170,000","-37,803,000","-44,765,000","-47,473,000","-39,991,000","-42,945,000","-39,066,000","-35,801,000","-32,444,000","-32,060,000","-19,437,000","-16,107,000","-12,186,000","-11,160,000","-12,314,000","-10,854,000","-13,988,000","-12,952,000","-14,836,000","-10,645,000","-9,904,000","-7,773,000","-6,625,000","-4,373,000","-3,573,000","-3,382,000","-2,477,000","-2,124,000","-1,854,000","-1,041,000","-2,394,000","-3,839,000","-2,109,000","-3,014,000","-2,100,000","-2,518,000","-4,019,000","-4,195,000","-1,825,000","-1,920,000","-2,423,000","-3,083,000","-3,246,000","-4,163,000","-2,695,000","-3,289,000","-3,951,000","-4,585,000","-4,550,000","-4,403,000","-4,279,000","-5,291,000","-5,711,000","-6,862,000","-7,884,000","-7,883,000","-7,008,662","-7,413,676","-7,874,777","-7,585,885","-6,644,904","-5,729,378","-5,710,984","-5,400,159"
BasicEPS,,"-1.04","-1.28","-0.97","-1.03","-0.18","-2.79","-1.46","-0.58","-0.71","0.56","-0.31","-0.3","-0.66","-0.44","-0.37","-0.3","-0.33","-0.18","-0.23","-0.27","-0.32","-0.34","-0.36","-0.46","-0.49","-0.41","-0.45","-0.44","-0.4","-0.38","-0.39","-0.24","-0.23","-0.17","-0.16","-0.19","-0.17","-0.22","-0.21","-0.26","-0.19",,"-0.15","-0.13","-0.08",,"-0.08","-0.06","-0.06",,"-0.03","-0.08","-0.13",,"-0.11","-0.08","-0.09",,"-0.16","-0.07","-0.07",,"-0.12","-0.12","-0.16",,"-0.13","-0.15","-0.17",,"-0.17","-0.16","-0.23",,"-0.36","-0.42","-0.42",,"-0.4","-0.43","-0.42",,"-0.32","-0.32","-0.44"
DilutedEPS,,"-1.04","-1.28","-0.97","-1.03","-0.18","-2.79","-1.46","-0.58","-0.71","0.54","-0.31","-0.3","-0.66","-0.44","-0.37","-0.3","-0.33","-0.18","-0.23","-0.27","-0.32","-0.34","-0.36","-0.46","-0.49","-0.41","-0.45","-0.44","-0.4","-0.38","-0.39","-0.24","-0.23","-0.17","-0.16","-0.19","-0.17","-0.22","-0.21","-0.26","-0.19",,"-0.15","-0.13","-0.08",,"-0.08","-0.06","-0.06",,"-0.03","-0.08","-0.13",,"-0.11","-0.08","-0.09",,"-0.16","-0.07","-0.07",,"-0.12","-0.12","-0.16",,"-0.13","-0.15","-0.17",,"-0.17","-0.16","-0.23",,"-0.36","-0.42","-0.42",,"-0.4","-0.43","-0.42",,"-0.32","-0.32","-0.44"
BasicAverageShares,,"174,417,000","172,446,000","171,978,000","171,494,000","169,434,000","156,470,000","150,155,000","149,727,000","148,151,000","139,901,000","129,567,000","129,182,000","126,248,000","122,981,000","122,671,000","122,129,000","121,016,000","119,950,000","119,215,000","112,847,000","110,582,000","109,274,000","104,807,000","97,902,000","97,246,000","96,404,000","94,444,000","88,919,000","88,662,000","84,734,000","82,941,000","82,048,000","70,987,000","70,757,000","70,559,000","64,699,000","63,836,000","63,582,000","60,531,000","57,037,000","56,718,000",,"52,443,000","52,010,000","51,930,000",,"40,155,000","39,067,000","35,607,000",,"34,932,000","31,283,000","30,230,000",,"27,233,000","27,175,000","27,145,000",,"27,017,000","26,880,000","26,790,000",,"26,562,000","26,402,000","26,376,000",,"26,291,000","26,251,000","26,203,000",,"26,138,000","26,081,000","22,949,000",,"19,024,000","18,801,000","18,808,000",,"18,550,699","18,376,369","18,165,019",,"17,886,920","17,817,844","12,190,643"
DilutedAverageShares,,"174,417,000","172,446,000","171,978,000","171,494,000","169,434,000","156,470,000","150,155,000","149,727,000","148,151,000","143,200,000","129,567,000","129,182,000","126,248,000","122,981,000","122,671,000","122,129,000","121,016,000","119,950,000","119,215,000","112,847,000","110,582,000","109,274,000","104,807,000","97,902,000","97,246,000","96,404,000","94,444,000","88,919,000","88,662,000","84,734,000","82,941,000","82,048,000","70,987,000","70,757,000","70,559,000","64,699,000","63,836,000","63,582,000","60,531,000","57,037,000","56,718,000",,"52,443,000","52,010,000","51,930,000",,"40,155,000","39,067,000","35,607,000",,"34,932,000","31,283,000","30,230,000",,"27,233,000","27,175,000","27,145,000",,"27,017,000","26,880,000","26,790,000",,"26,562,000","26,402,000","26,376,000",,"26,291,000","26,251,000","26,203,000",,"26,138,000","26,081,000","22,949,000",,"19,024,000","18,801,000","18,808,000",,"18,550,699","18,376,369","18,165,019",,"17,886,920","17,817,844","12,190,643"
TotalOperatingIncomeAsReported,"-732,124,000","-176,987,000","-221,450,000","-162,023,000","-171,664,000","-300,541,000","-415,302,000","-203,335,000","-67,009,000","-82,373,000","-96,108,000","-35,660,000","-33,820,000","-68,194,000","-49,316,000","-40,925,000","-32,702,000","-36,528,000","-22,989,000","-28,411,000","-31,419,000","-35,491,000","-37,710,000","-38,284,000","-45,137,000","-47,885,000","-40,420,000","-43,270,000","-39,366,000","-36,012,000","-32,583,000","-32,208,000","-19,570,000","-16,178,000","-12,266,000","-11,247,000","-12,351,000","-10,897,000","-14,042,000","-13,008,000","-14,890,000","-10,702,000","-9,936,000","-7,843,000","-6,642,000","-4,402,000","-3,823,000","-3,396,000","-2,484,000","-2,123,000","-1,855,000","-1,076,000","-2,443,000","-3,873,000","-2,117,000","-3,050,000","-2,164,000","-2,642,000","-4,200,000","-4,405,000","-2,063,000","-2,179,000","-2,724,000","-3,403,000","-3,559,000","-4,481,000","-3,012,000","-3,579,000","-4,212,000","-4,831,000","-4,755,000","-4,580,000","-4,451,000","-5,409,000","-5,813,000","-6,965,000","-8,010,000","-8,050,000","-7,212,664","-7,664,988","-8,106,232","-7,861,116","-7,109,426","-6,352,506","-6,510,709","-6,177,816"
TotalExpenses,"2,563,621,000","663,583,000","695,339,000","598,113,000","606,486,000","702,598,000","881,525,000","402,082,000","324,200,000","430,197,000","391,716,000","254,541,000","233,693,000","230,255,000","192,305,000","159,167,000","135,643,000","126,843,000","110,402,000","100,993,000","89,065,000","83,903,000","72,988,000","66,433,000","66,341,000","62,737,000","54,909,000","55,842,000","47,508,000","40,295,000","34,062,000","32,214,000","19,540,000","16,486,000","13,215,000","12,297,000","13,359,000","11,885,000","15,078,000","14,044,000","15,926,000","11,738,000","10,978,000","8,882,000","7,684,000","5,442,000","5,198,000","4,752,000","3,798,000","3,422,000","3,099,000","2,332,000","3,701,000","4,876,000","151,000","2,848,000","2,023,000","2,695,000","4,379,000","3,730,000","3,180,000","3,316,000","3,233,000","4,558,000","4,780,000","5,675,000","4,197,000","4,774,000","4,835,000","5,452,000","6,030,000","5,841,000","5,673,000","6,586,000","6,982,000","7,883,000","8,416,000","8,458,000","7,620,963","8,074,467","8,146,188","7,900,382","7,147,207","6,365,595","6,510,710","6,177,817"
NetIncomeFromContinuingAndDiscontinuedOperation,"-745,398,000","-180,937,000","-220,611,000","-166,938,000","-176,912,000","-31,164,000","-436,810,000","-219,884,000","-86,142,000","-105,697,000","77,945,000","-40,459,000","-38,420,000","-83,059,000","-53,974,000","-45,364,000","-36,387,000","-39,424,000","-21,764,000","-26,897,000","-30,790,000","-34,946,000","-37,170,000","-37,803,000","-44,765,000","-47,473,000","-39,991,000","-42,945,000","-39,066,000","-35,801,000","-32,444,000","-32,060,000","-19,437,000","-16,107,000","-12,186,000","-11,160,000","-12,314,000","-10,854,000","-13,988,000","-12,952,000","-14,836,000","-10,645,000","-9,904,000","-7,773,000","-6,625,000","-4,373,000","-3,573,000","-3,382,000","-2,477,000","-2,124,000","-1,854,000","-1,041,000","-2,394,000","-3,839,000","-2,109,000","-3,014,000","-2,100,000","-2,518,000","-4,019,000","-4,195,000","-1,825,000","-1,920,000","-2,423,000","-3,083,000","-3,246,000","-4,163,000","-2,695,000","-3,289,000","-3,951,000","-4,585,000","-4,550,000","-4,403,000","-4,279,000","-5,291,000","-5,711,000","-6,862,000","-7,884,000","-7,883,000","-7,008,662","-7,413,676","-7,874,777","-7,585,885","-6,644,904","-5,729,378","-5,710,984","-5,400,159"
NormalizedIncome,"-724,462,077.337","-179,466,377.547","-221,841,336.992","-143,183,964.695","-179,415,170","-53,931,240","-438,170,443.491","-16,904,279.455","-89,024,983.416","-97,966,672.723","75,672,510","-47,096,890","-46,001,580.938","-89,676,553.724","-58,588,330","-49,957,160","-41,303,864.873","-42,105,290","-22,556,000","-28,219,640.74","-31,473,000","-35,541,000","-37,762,000","-38,338,000","-45,190,000","-47,939,000","-40,482,000","-43,310,000","-39,259,000","-36,023,000","-32,594,000","-32,220,000","-19,583,000","-16,193,000","-12,282,000","-11,263,000","-12,369,000","-10,916,000","-13,988,000","-12,952,000","-14,836,000","-10,645,000","-9,904,000","-7,773,000","-6,625,000","-4,373,000","-3,731,600","-3,382,000","-2,477,000","-2,124,000","-1,854,000","-1,041,000","-2,394,000","-3,840,950","-2,063,500","-2,663,650","-2,008,350","-2,519,300","-3,786,300","-3,682,800","-1,826,300","-1,898,550","-2,423,000","-3,083,000","-3,246,000","-4,163,000","-2,695,000","-3,289,000","-3,951,000","-4,209,400","-4,550,000","-4,403,000","-4,279,000","-5,291,000","-5,711,000","-6,862,000","-7,884,000","-7,883,000","-7,008,662","-7,413,676","-7,874,777","-7,585,885","-6,644,904","-5,729,378","-5,710,984","-5,400,159"
InterestIncome,,,,,,,,,,,,,,,,,,,,,,,,,,,,,"107,000",,,,"146,000","86,000","96,000",,,"62,000","74,000","67,000","59,000","62,000","38,000","75,000","22,000",,,,,,"1,000","35,000","49,000","34,000",,,,,,,,,,,,,,,,,,,,,,,,,,,,,,,,
InterestExpense,"12,742,000","3,066,000","3,215,000","3,236,000","3,224,000","4,616,000","23,213,000","22,459,000","21,773,000","16,377,000","13,688,000","13,209,000","12,712,000","21,990,000","10,972,000","10,704,000","8,603,000","6,510,000","51,000","51,000","54,000","50,000","52,000",,,"54,000","62,000",,"107,000","11,000","11,000","12,000","13,000","15,000","16,000","16,000","18,000","19,000","20,000","11,000","5,000","5,000","6,000","5,000","5,000",,,,,,,,,,,,,,,,,,,,,,,,,,,,,,,,,,,,,,,,,
NetInterestIncome,"-18,468,000","-4,478,000","-4,658,000","-4,680,000","-4,652,000","-4,616,000","-24,336,000","-23,582,000","-22,912,000","-17,199,000","-13,688,000","-13,209,000","-12,712,000","-21,990,000","-10,972,000","-10,704,000","-8,603,000","-6,510,000","-51,000","-51,000","-54,000","-50,000","-52,000","-54,000","-53,000","-54,000","-62,000","-40,000","107,000","-11,000","-11,000","-12,000","-13,000","-15,000","-16,000","-16,000","-18,000","-19,000","-208,000","56,000","54,000","57,000","32,000","70,000","17,000","29,000","6,000","14,000","7,000","-1,000","1,000","35,000","49,000","34,000",,,,,,,,,,,,,,,,,,,,,,,,,,,,,,,,
EBIT,"-738,747,000","-179,886,000","-221,639,000","-167,560,000","-169,663,000","-269,353,000","-415,060,000","-201,935,000","-65,236,000","-91,052,000","-92,995,000","-26,567,000","-26,151,000","-61,539,000","-42,995,000","-34,633,000","-27,785,000","-32,855,000","-21,669,000","-27,077,000","-30,736,000","-34,945,000","-35,729,000","-38,318,000","-45,156,000","-47,436,000","-39,218,000","-43,210,000","-39,389,000","-35,807,000","-32,408,000","-32,054,000","-19,394,000","-16,106,000","-12,083,000","-11,158,000","-12,268,000","-10,787,000","-13,780,000","-13,008,000","-14,890,000","-10,702,000","-9,936,000","-7,843,000","-6,642,000","-4,402,000","-3,823,000","-3,396,000","-2,484,000","-2,123,000","-1,855,000","-1,076,000","-2,443,000","-3,876,000","-2,047,000","-2,511,000","-2,023,000","-2,644,000","-3,842,000","-3,617,000","-2,065,000","-2,146,000","-2,053,000","-3,403,000","-3,559,000","-4,481,000","-3,012,000","-3,579,000","-4,212,000","-4,205,000","-4,755,000","-4,580,000","-4,451,000","-5,409,000","-5,813,000","-6,965,000","-8,010,000","-8,050,000","-7,212,664","-7,664,988","-8,106,232","-7,861,116","-7,109,426","-6,352,506","-6,510,709","-6,177,816"
EBITDA,"-554,452,000"
ReconciledCostOfRevenue,"395,670,000","111,707,000","98,022,000","93,440,000","92,501,000","89,492,000","83,081,000","75,387,000","48,574,000","65,594,000","69,100,000","52,800,000","51,600,000","43,300,000","38,200,000","30,000,000","26,900,000","22,900,000","23,500,000","20,700,000","18,000,000","17,000,000","13,900,000","12,200,000","10,100,000","9,100,000","6,662,000","6,565,000","4,210,000","3,413,000","3,401,000","924,000",,,,,,,"0","0","0","0","6,000","6,000","6,000","6,000","6,000","6,000","6,000","6,000","7,000","5,000","8,000","0","-1,787,000","1,000,000",,"1,000","1,137,000","46,000","1,000","2,000","26,000","102,000","93,000","588,000","54,000","332,000","132,000","48,000","172,000","223,000","60,000","32,000","6,000","13,000",,"3,000","2,565","4,158","1,905","372",,,"-211,098","-187,674"
ReconciledDepreciation,"184,295,000","47,647,000","45,125,000","46,200,000","45,323,000","43,698,000","39,818,000","43,143,000","41,056,000","39,345,000","26,071,000","9,162,000","7,880,000","7,134,000","6,888,000","6,160,000","5,143,000","4,893,000","4,403,000","4,106,000","3,749,000","3,297,000","3,122,000","2,998,000","2,866,000","2,523,000","2,338,000","2,035,000","1,790,000","1,587,000","1,446,000","920,000","688,000","656,000","442,000","330,000","332,000","314,000","319,000","249,000","215,000","202,000","149,000","117,000","78,000","67,000","63,000","62,000","57,000","48,000","36,000","18,000","14,000","107,000","132,000","739,000","0","-245,000","-249,000","-162,000","-969,000","-864,000","-888,000","-676,000","-693,000","-751,000","-697,000","-674,000","-775,000","-780,000","-702,000","-708,000","-716,000","-660,000","-545,000","-52,000","355,000","180,000","1,141,222","185,497","381,787","449,494","344,285","325,252","211,098","187,674"
NetIncomeFromContinuingOperationNetMinorityInterest,"-745,398,000","-180,937,000","-220,611,000","-166,938,000","-176,912,000","-31,164,000","-436,810,000","-219,884,000","-86,142,000","-105,697,000","77,945,000","-40,459,000","-38,420,000","-83,059,000","-53,974,000","-45,364,000","-36,387,000","-39,424,000","-21,764,000","-26,897,000","-30,790,000","-34,946,000","-37,170,000","-37,803,000","-44,765,000","-47,473,000","-39,991,000","-42,945,000","-39,066,000","-35,801,000","-32,444,000","-32,060,000","-19,437,000","-16,107,000","-12,186,000","-11,160,000","-12,314,000","-10,854,000","-13,988,000","-12,952,000","-14,836,000","-10,645,000","-9,904,000","-7,773,000","-6,625,000","-4,373,000","-3,573,000","-3,382,000","-2,477,000","-2,124,000","-1,854,000","-1,041,000","-2,394,000","-3,839,000","-2,109,000","-3,014,000","-2,100,000","-2,518,000","-4,019,000","-4,195,000","-1,825,000","-1,920,000","-2,423,000","-3,083,000","-3,246,000","-4,163,000","-2,695,000","-3,289,000","-3,951,000","-4,585,000","-4,550,000","-4,403,000","-4,279,000","-5,291,000","-5,711,000","-6,862,000","-7,884,000","-7,883,000","-7,008,662","-7,413,676","-7,874,777","-7,585,885","-6,644,904","-5,729,378","-5,710,984","-5,400,159"
TotalUnusualItemsExcludingGoodwill,"-21,107,000","-1,487,000","1,254,000","-24,303,000","3,429,000","31,188,000","1,365,000","-207,143,000","2,912,000","-7,857,000","3,113,000","9,093,000","7,669,000","6,655,000","6,321,000","6,292,000","4,917,000","3,673,000","1,320,000","1,334,000","683,000","595,000","592,000","535,000","425,000","466,000","491,000","365,000","193,000","222,000","150,000","160,000","146,000","86,000","96,000","103,000","55,000","62,000",,,,,,,,,"244,000","0","0","0","0","0","0","3,000","-70,000","-539,000","-141,000","2,000","-358,000","-788,000","2,000","-33,000",,,,,"0",,,"-626,000",,,,,,,,,,,,,,,,
TotalUnusualItems,"-21,107,000","-1,487,000","1,254,000","-24,303,000","3,429,000","31,188,000","1,365,000","-207,143,000","2,912,000","-7,857,000","3,113,000","9,093,000","7,669,000","6,655,000","6,321,000","6,292,000","4,917,000","3,673,000","1,320,000","1,334,000","683,000","595,000","592,000","535,000","425,000","466,000","491,000","365,000","193,000","222,000","150,000","160,000","146,000","86,000","96,000","103,000","55,000","62,000",,,,,,,,,"244,000","0","0","0","0","0","0","3,000","-70,000","-539,000","-141,000","2,000","-358,000","-788,000","2,000","-33,000",,,,,"0",,,"-626,000",,,,,,,,,,,,,,,,
NormalizedEBITDA,"-533,345,000","-130,752,000","-177,768,000","-97,057,000","-127,769,000","-256,843,000","-376,607,000","48,351,000","-27,092,000","-43,850,000","-70,037,000","-26,498,000","-25,940,000","-61,060,000","-42,428,000","-34,765,000","-27,559,000","-31,635,000","-18,586,000","-24,305,000","-27,670,000","-32,243,000","-33,199,000","-35,855,000","-42,715,000","-45,379,000","-37,371,000","-41,540,000","-37,792,000","-34,442,000","-31,112,000","-31,294,000","-18,852,000","-15,536,000","-11,737,000","-10,931,000","-11,991,000","-10,535,000","-13,461,000","-12,759,000","-14,675,000","-10,500,000","-9,787,000","-7,726,000","-6,564,000","-4,335,000","-4,004,000","-3,334,000","-2,427,000","-2,075,000","-1,819,000","-1,058,000","-2,429,000","-3,772,000","-1,845,000","-1,233,000","-1,882,000","-2,646,000","-3,484,000","-2,829,000","-2,067,000","-2,113,000","-2,053,000","-3,403,000","-3,559,000","-4,481,000","-3,012,000","-3,579,000","-4,212,000","-3,579,000","-4,755,000","-4,580,000","-4,451,000","-5,409,000","-5,813,000","-6,965,000","-7,655,000","-7,870,000","-6,071,442","-7,479,491","-7,724,445","-7,411,622","-6,765,141","-6,027,254","-6,299,611","-5,990,142"
TaxRateForCalcs,"0.008","0.011","0.019","0.023","0.27","0.27","0.003","0.02","0.01","0.016","0.27","0.27","0.011","0.006","0.27","0.27","0","0.27","0.4","0.009","0","0","0","0","0","0","0","0","0","0","0","0","0","0","0","0","0","0","0.35","0.35","0.35","0.35","0.35","0.35","0.35","0.35","0.35","0.35","0.35","0.35","0.35","0.35","0.35","0.35","0.35","0.35","0.35","0.35","0.35","0.35","0.35","0.35","0.4","0.4","0.4","0.4","0.4","0.4","0.4","0.4","0.4","0.4","0.4","0.4","0.4","0.4","0.4","0.4","0.4","0.4","0.4","0.4","0.4","0.4","0.4","0.4"
TaxEffectOfUnusualItems,"-171,077.337","-16,377.547","23,663.008","-548,964.695","925,830","8,420,760","4,556.509","-4,163,279.455","29,016.584","-126,672.723","840,510","2,455,110","87,419.062","37,446.276","1,706,670","1,698,840","135.127","991,710","528,000","11,359.26","0","0","0","0","0","0","0","0","0","0","0","0","0","0","0","0","0","0","0","0","0","0","0","0","0","0","85,400","0","0","0","0","0","0","1,050","-24,500","-188,650","-49,350","700","-125,300","-275,800","700","-11,550","0","0","0","0","0","0","0","-250,400","0","0","0","0","0","0","0","0","0","0","0","0","0","0","0","0"