name,ttm,03/31/2022,12/31/2021,09/30/2021,06/30/2021,03/31/2021,12/31/2020,09/30/2020,06/30/2020,03/31/2020,12/31/2019,09/30/2019,06/30/2019,03/31/2019
TotalRevenue,"1,530,100,000","401,900,000","399,400,000","377,800,000","351,000,000","239,300,000","210,900,000","214,800,000","141,800,000","199,400,000","202,100,000","193,800,000","180,500,000","155,000,000"
	OperatingRevenue,"1,530,100,000","401,900,000","399,400,000","377,800,000","351,000,000","239,300,000","210,900,000","214,800,000","138,700,000","194,000,000","182,500,000","193,800,000","175,800,000","150,400,000"
CostOfRevenue,"1,218,900,000","317,300,000","315,300,000","313,400,000","272,900,000","187,500,000","161,400,000","163,300,000","109,500,000","154,900,000","151,900,000","147,200,000","136,900,000","116,400,000"
GrossProfit,"311,200,000","84,600,000","84,100,000","64,400,000","78,100,000","51,800,000","49,500,000","51,500,000","32,300,000","44,500,000","50,200,000","46,600,000","43,600,000","38,600,000"
OperatingExpense,"327,100,000","94,900,000","89,100,000","69,900,000","73,200,000","95,200,000","53,800,000","55,400,000","89,200,000","35,800,000","50,000,000","52,500,000","39,300,000","39,500,000"
	SellingGeneralAndAdministration,"263,000,000","77,600,000","72,800,000","54,900,000","57,700,000","79,800,000","39,000,000","39,200,000","91,200,000","25,300,000","39,500,000","42,400,000","29,500,000","29,700,000"
		GeneralAndAdministrativeExpense,"251,500,000","74,900,000","70,000,000","51,400,000","55,200,000","59,700,000","37,900,000","38,400,000","90,400,000","24,000,000","37,600,000","40,800,000","28,100,000","28,300,000"
			OtherGandA,"251,500,000","74,900,000","70,000,000","51,400,000","55,200,000","59,700,000","37,900,000","38,400,000","90,400,000","24,000,000","37,600,000","40,800,000","28,100,000","28,300,000"
		SellingAndMarketingExpense,"11,500,000","2,700,000","2,800,000","3,500,000","2,500,000","20,100,000","1,100,000","800,000","800,000","1,300,000","1,900,000","1,600,000","1,400,000","1,400,000"
	DepreciationAmortizationDepletionIncomeStatement,"64,100,000","17,300,000","16,300,000","15,000,000","15,500,000","15,400,000","14,800,000","16,200,000","10,400,000","10,500,000","10,500,000","10,100,000","9,800,000","9,800,000"
		DepreciationAndAmortizationInIncomeStatement,"64,100,000","17,300,000","16,300,000","15,000,000","15,500,000","15,400,000","14,800,000","16,200,000","10,400,000","10,500,000","10,500,000","10,100,000","9,800,000","9,800,000"
	OtherOperatingExpenses,,,,,,,"0",,"-12,400,000",,,,,
OperatingIncome,"-15,900,000","-10,300,000","-5,000,000","-5,500,000","4,900,000","-43,400,000","-4,300,000","-3,900,000","-56,900,000","8,700,000","200,000","-5,900,000","4,300,000","-900,000"
NetNonOperatingInterestIncomeExpense,"-30,800,000","-9,300,000","-7,800,000","-7,400,000","-6,300,000","-6,500,000","-8,900,000","-7,100,000","-11,700,000","-13,300,000","-13,400,000","-12,900,000","-12,700,000","-12,500,000"
	InterestExpenseNonOperating,"29,400,000","7,900,000","7,800,000","7,400,000","6,300,000","6,500,000","8,100,000","7,100,000","11,700,000","13,300,000","13,400,000","12,900,000","12,700,000","12,500,000"
	TotalOtherFinanceCost,,"1,400,000",,,,,,,,,,,,
OtherIncomeExpense,"400,000","200,000","100,000","100,000",,"-300,000","-9,500,000","400,000","-7,000,000","-300,000","-100,000","-3,300,000","600,000",
	SpecialIncomeCharges,"-100,000","0","0","-100,000","0","-300,000","-9,500,000","-100,000","-7,200,000","-200,000","-100,000","-3,400,000","-100,000","-200,000"
		RestructuringAndMergernAcquisition,"100,000","0","0","100,000","0","100,000","0","100,000","100,000","200,000","100,000","3,400,000","100,000","200,000"
		OtherSpecialCharges,,,"0",,,"200,000","9,500,000",,"7,100,000",,,,,
	OtherNonOperatingIncomeExpenses,,"200,000","100,000","200,000",,,"0","500,000","200,000","-100,000","0","100,000","700,000","200,000"
PretaxIncome,"-46,300,000","-19,400,000","-12,700,000","-12,800,000","-1,400,000","-50,200,000","-22,700,000","-10,600,000","-75,600,000","-4,900,000","-13,300,000","-22,100,000","-7,800,000","-13,400,000"
TaxProvision,"-10,100,000","-6,200,000","1,000,000","1,000,000","-5,900,000","800,000","-1,400,000","-700,000","-600,000","300,000","500,000","500,000","400,000","100,000"
NetIncomeCommonStockholders,"-23,600,000","-7,500,000","-10,100,000","-9,200,000","3,200,000","-32,800,000","64,800,000","-5,000,000","-74,000,000","-2,900,000","12,900,000","-22,600,000","-8,200,000","-13,500,000"
	NetIncome,"-22,900,000","-7,500,000","-9,400,000","-9,200,000","3,200,000","-32,800,000","65,800,000","-5,000,000","-74,000,000","-5,200,000","-13,800,000","-22,600,000","-8,200,000","-13,500,000"
		NetIncomeIncludingNoncontrollingInterests,"-36,200,000","-13,200,000","-13,700,000","-13,800,000","4,500,000","-51,000,000","-21,300,000","-9,900,000","-75,000,000","-5,200,000","-13,800,000","-22,600,000","-8,200,000","-13,500,000"
			NetIncomeContinuousOperations,"-36,200,000","-13,200,000","-13,700,000","-13,800,000","4,500,000","-51,000,000","-21,300,000","-9,900,000","-75,000,000","-5,200,000","-13,800,000","-22,600,000","-8,200,000","-13,500,000"
		MinorityInterests,"13,300,000","5,700,000","4,300,000","4,600,000","-1,300,000","18,200,000","87,100,000","4,900,000","1,000,000",,,,,
	OtherunderPreferredStockDividend,,,,,,,,,,"-2,300,000",,,,
DilutedNIAvailtoComStockholders,"-23,600,000","-7,500,000","-10,100,000","-9,200,000","3,200,000","-32,800,000","64,800,000","-5,000,000","-74,000,000","-2,900,000","12,900,000","-22,600,000","-8,200,000","-13,500,000"
BasicEPS,,"-0.13",,"-0.165","0.059","-0.62",,"-0.12","-0.03","-0.08",,"-0.579","-0.21","-0.346"
DilutedEPS,,"-0.13",,"-0.165","0.038","-0.62",,"-0.12","-0.03","-0.08",,"-0.579","-0.21","-0.346"
BasicAverageShares,,"56,692,750",,"55,810,596","54,449,300","52,677,606",,"42,531,264","39,141,726","39,027,135",,"39,027,135","39,027,135","39,027,135"
DilutedAverageShares,,"56,692,750",,"55,810,596","85,147,079","52,677,606",,"42,531,264","39,141,726","39,027,135",,"39,027,135","39,027,135","39,027,135"
TotalOperatingIncomeAsReported,"-17,400,000","-11,700,000","-5,000,000","-5,600,000","4,900,000","-43,500,000","-5,100,000","-4,000,000","-57,000,000","8,500,000","100,000","-9,300,000","4,200,000","-1,100,000"
TotalExpenses,"1,546,000,000","412,200,000","404,400,000","383,300,000","346,100,000","282,700,000","215,200,000","218,700,000","198,700,000","190,700,000","201,900,000","199,700,000","176,200,000","155,900,000"
NetIncomeFromContinuingAndDiscontinuedOperation,"-22,900,000","-7,500,000","-9,400,000","-9,200,000","3,200,000","-32,800,000","65,800,000","-5,000,000","-74,000,000","-5,200,000","-13,800,000","-22,600,000","-8,200,000","-13,500,000"
NormalizedIncome,"-22,821,814.255","-7,500,000","-9,400,000","-9,127,000","3,200,000","-32,581,000","74,714,096.916","-4,906,600","-66,857,600","-5,054,000","-13,727,000","-20,118,000","-8,127,000","-13,354,000"
InterestExpense,"29,400,000","7,900,000","7,800,000","7,400,000","6,300,000","6,500,000","8,100,000","7,100,000","11,700,000","13,300,000","13,400,000","12,900,000","12,700,000","12,500,000"
NetInterestIncome,"-30,800,000","-9,300,000","-7,800,000","-7,400,000","-6,300,000","-6,500,000","-8,900,000","-7,100,000","-11,700,000","-13,300,000","-13,400,000","-12,900,000","-12,700,000","-12,500,000"
EBIT,"-16,900,000","-11,500,000","-4,900,000","-5,400,000","4,900,000","-43,700,000","-14,600,000","-3,500,000","-63,900,000","8,400,000","100,000","-9,200,000","4,900,000","-900,000"
EBITDA,"91,300,000"
ReconciledCostOfRevenue,"1,174,800,000","305,500,000","304,000,000","302,600,000","262,700,000","177,600,000","152,100,000","155,200,000","101,800,000","147,700,000","145,500,000","141,200,000","131,400,000","111,300,000"
ReconciledDepreciation,"108,200,000","29,100,000","27,600,000","25,800,000","25,700,000","25,300,000","24,100,000","24,300,000","18,100,000","17,700,000","16,900,000","16,100,000","15,300,000","14,900,000"
NetIncomeFromContinuingOperationNetMinorityInterest,"-22,900,000","-7,500,000","-9,400,000","-9,200,000","3,200,000","-32,800,000","65,800,000","-5,000,000","-74,000,000","-5,200,000","-13,800,000","-22,600,000","-8,200,000","-13,500,000"
TotalUnusualItemsExcludingGoodwill,"-100,000","0","0","-100,000","0","-300,000","-9,500,000","-100,000","-7,200,000","-200,000","-100,000","-3,400,000","-100,000","-200,000"
TotalUnusualItems,"-100,000","0","0","-100,000","0","-300,000","-9,500,000","-100,000","-7,200,000","-200,000","-100,000","-3,400,000","-100,000","-200,000"
NormalizedEBITDA,"91,400,000","17,600,000","22,700,000","20,500,000","30,600,000","-18,100,000","19,000,000","20,900,000","-38,600,000","26,300,000","17,100,000","10,300,000","20,300,000","14,200,000"
TaxRateForCalcs,"0.218","0.32","0.27","0.27","0.27","0.27","0.062","0.066","0.008","0.27","0.27","0.27","0.27","0.27"
TaxEffectOfUnusualItems,"-21,814.255","0","0","-27,000","0","-81,000","-585,903.084","-6,600","-57,600","-54,000","-27,000","-918,000","-27,000","-54,000"