name,ttm,03/31/2022,12/31/2021,09/30/2021,06/30/2021,03/31/2021,12/31/2020,09/30/2020,06/30/2020,03/31/2020,12/31/2019,09/30/2019,06/30/2019,03/31/2019,12/31/2018,09/30/2018,06/30/2018,03/31/2018,12/31/2017,09/30/2017,06/30/2017,03/31/2017,12/31/2016,09/30/2016,06/30/2016,03/31/2016,12/31/2015,09/30/2015,06/30/2015,03/31/2015,12/31/2014,09/30/2014,06/30/2014,03/31/2014,12/31/2013,09/30/2013,06/30/2013,03/31/2013
TotalRevenue,"3,917,300,000","1,002,700,000","1,019,300,000","964,000,000","931,300,000","901,100,000","873,900,000","844,400,000","806,400,000","792,000,000","780,400,000","760,500,000","737,200,000","710,000,000","695,800,000","679,500,000","651,600,000","633,200,000","602,200,000","582,200,000","557,800,000","489,700,000","485,900,000","472,100,000","456,200,000","433,700,000","425,400,000","411,100,000","394,500,000","376,300,000","371,661,000","356,900,000","338,500,000","320,194,000","305,929,000","286,126,000","276,018,000","262,772,000"
	OperatingRevenue,"3,917,300,000","1,002,700,000","1,019,300,000","964,000,000","931,300,000","901,100,000","873,900,000","844,400,000","806,400,000","792,000,000","780,400,000","760,500,000","737,200,000","710,000,000","695,800,000","679,500,000","651,600,000","633,200,000","602,200,000","582,200,000","557,800,000","489,700,000","485,900,000","472,100,000","456,200,000","433,700,000","425,400,000","411,100,000","394,500,000","376,300,000","371,661,000","356,900,000","338,500,000","320,194,000","305,929,000","286,126,000","276,018,000","262,772,000"
CostOfRevenue,"1,421,200,000","370,200,000","373,200,000","345,800,000","332,000,000","321,200,000","301,900,000","290,200,000","289,400,000","277,100,000","270,800,000","265,000,000","254,600,000","236,400,000","230,400,000","226,900,000","221,300,000","215,300,000","202,000,000","200,300,000","196,400,000","176,800,000","172,100,000","169,200,000","162,100,000","154,400,000","145,000,000","144,000,000","139,700,000","137,200,000","133,764,000","131,700,000","127,100,000","125,858,000","123,059,000","119,774,000","116,498,000","114,537,000"
GrossProfit,"2,496,100,000","632,500,000","646,100,000","618,200,000","599,300,000","579,900,000","572,000,000","554,200,000","517,000,000","514,900,000","509,600,000","495,500,000","482,600,000","473,600,000","465,400,000","452,600,000","430,300,000","417,900,000","400,200,000","381,900,000","361,400,000","312,900,000","313,800,000","302,900,000","294,100,000","279,300,000","280,400,000","267,100,000","254,800,000","239,100,000","237,897,000","225,200,000","211,400,000","194,336,000","182,870,000","166,352,000","159,520,000","148,235,000"
OperatingExpense,"2,042,700,000","522,900,000","506,200,000","502,300,000","511,300,000","541,900,000","479,600,000","457,500,000","1,129,400,000","450,500,000","436,100,000","404,100,000","463,700,000","446,100,000","408,600,000","415,100,000","386,800,000","391,200,000","291,000,000","349,800,000","323,300,000","302,200,000","299,000,000","280,400,000","290,500,000","282,600,000","267,600,000","256,800,000","288,400,000","259,600,000","240,503,000","231,800,000","229,900,000","228,487,000","233,475,000","197,446,000","177,485,000","180,496,000"
	SellingGeneralAndAdministration,"828,700,000","206,900,000","205,600,000","205,200,000","211,000,000","227,900,000","205,300,000","191,800,000","186,600,000","178,600,000","177,500,000","151,800,000","195,100,000","183,300,000","166,300,000","159,800,000","148,400,000","150,900,000","148,700,000","124,200,000","134,300,000","128,400,000","125,300,000","106,200,000","112,800,000","105,700,000","103,500,000","93,900,000","126,600,000","97,900,000","83,802,000","82,000,000","83,400,000","83,776,000","90,020,000","70,236,000","65,264,000","63,942,000"
		GeneralAndAdministrativeExpense,"341,200,000","90,600,000","84,900,000","81,200,000","84,500,000","95,200,000","79,700,000","76,400,000","82,200,000","85,500,000","92,100,000","72,200,000","104,800,000","93,000,000","86,900,000","89,700,000","81,000,000","76,400,000","84,200,000","65,400,000","71,800,000","61,000,000","67,400,000","52,800,000","52,800,000","48,200,000","52,100,000","44,600,000","75,800,000","47,200,000","40,813,000","41,800,000","42,900,000","42,780,000","54,409,000","32,784,000","30,638,000","26,149,000"
			SalariesAndWages,"348,700,000",,,,,,,,,,"84,800,000","86,000,000","87,600,000","90,300,000","84,600,000","81,800,000","76,300,000","80,400,000","75,300,000","74,600,000","75,400,000","67,000,000","58,500,000","59,800,000","62,100,000","61,700,000","54,300,000","54,800,000","55,700,000","56,700,000","49,906,000","48,900,000","45,300,000","46,399,000","43,506,000","39,576,000","33,388,000","34,462,000"
			OtherGandA,"341,200,000","90,600,000","84,900,000","81,200,000","84,500,000","95,200,000","79,700,000","76,400,000","82,200,000","85,500,000","92,100,000","72,200,000","104,800,000","93,000,000","86,900,000","89,700,000","81,000,000","76,400,000","84,200,000","65,400,000","71,800,000","61,000,000","67,400,000","52,800,000","52,800,000","48,200,000","52,100,000","44,600,000","75,800,000","47,200,000","40,813,000","41,800,000","42,900,000","42,780,000","54,409,000","32,784,000","30,638,000","26,149,000"
		SellingAndMarketingExpense,"487,500,000","116,300,000","120,700,000","124,000,000","126,500,000","132,700,000","125,600,000","115,400,000","104,400,000","93,100,000","85,400,000","79,600,000","90,300,000","90,300,000","79,400,000","70,100,000","67,400,000","74,500,000","64,500,000","58,800,000","62,500,000","67,400,000","57,900,000","53,400,000","60,000,000","57,500,000","51,400,000","49,300,000","50,800,000","50,700,000","42,989,000","40,200,000","40,500,000","40,996,000","35,611,000","37,452,000","34,626,000","37,793,000"
	ResearchAndDevelopment,"710,000,000","190,100,000","175,500,000","172,400,000","172,000,000","186,400,000","148,600,000","141,400,000","135,900,000","134,500,000","125,000,000","116,400,000","127,200,000","124,000,000","114,700,000","112,200,000","105,100,000","102,000,000","94,500,000","91,000,000","90,100,000","80,200,000","73,600,000","72,300,000","70,200,000","71,700,000","67,400,000","67,500,000","67,700,000","67,600,000","67,058,000","62,400,000","63,400,000","61,586,000","62,055,000","53,567,000","45,347,000","46,972,000"
	DepreciationAmortizationDepletionIncomeStatement,"198,800,000","48,200,000","49,900,000","50,700,000","50,000,000","49,000,000","51,400,000","50,700,000","48,400,000","52,200,000","48,800,000","49,900,000","53,800,000","57,200,000","58,000,000","61,300,000","57,000,000","57,800,000","58,700,000","60,000,000","55,500,000","31,600,000","38,500,000","43,400,000","39,300,000","38,900,000","42,400,000","40,600,000","38,400,000","37,400,000","39,737,000","38,500,000","37,800,000","36,726,000","37,894,000","34,067,000","33,486,000","35,120,000"
		DepreciationAndAmortizationInIncomeStatement,"198,800,000","48,200,000","49,900,000","50,700,000","50,000,000","49,000,000","51,400,000","50,700,000","48,400,000","52,200,000","48,800,000","49,900,000","53,800,000","57,200,000","58,000,000","61,300,000","57,000,000","57,800,000","58,700,000","60,000,000","55,500,000","31,600,000","38,500,000","43,400,000","39,300,000","38,900,000","42,400,000","40,600,000","38,400,000","37,400,000","39,737,000","38,500,000","37,800,000","36,726,000","37,894,000","34,067,000","33,486,000","35,120,000"
	OtherTaxes,,,"0","0","0",,"0","0","674,700,000","0","0","0","0","-8,700,000","-15,000,000","0",,"100,000","-86,200,000","0","-32,000,000","-5,000,000","3,100,000","-1,300,000","6,100,000","4,600,000",,,,,,,,,,,,
	OtherOperatingExpenses,"305,200,000","77,700,000","75,200,000","74,000,000","78,300,000","78,600,000","74,300,000","73,600,000","83,800,000","85,200,000","84,800,000","86,000,000","87,600,000","90,300,000","84,600,000","81,800,000","76,300,000","80,400,000","75,300,000","74,600,000","75,400,000","67,000,000","58,500,000","59,800,000","62,100,000","61,700,000","54,300,000","54,800,000","55,700,000","56,700,000","49,906,000","48,900,000","45,300,000","46,399,000","43,506,000","39,576,000","33,388,000","34,462,000"
OperatingIncome,"453,400,000","109,600,000","139,900,000","115,900,000","88,000,000","38,000,000","92,400,000","96,700,000","-612,400,000","64,400,000","73,500,000","91,400,000","18,900,000","27,500,000","56,800,000","37,500,000","43,500,000","26,700,000","109,200,000","32,100,000","38,100,000","10,700,000","14,800,000","22,500,000","3,600,000","-3,300,000","12,800,000","10,300,000","-33,600,000","-20,500,000","-2,606,000","-6,600,000","-18,500,000","-34,151,000","-50,605,000","-31,094,000","-17,965,000","-32,261,000"
NetNonOperatingInterestIncomeExpense,"-130,900,000","-33,600,000","-32,200,000","-32,500,000","-32,600,000","-28,700,000","-26,800,000","-23,900,000","-19,400,000","-21,200,000","-21,700,000","-22,900,000","-23,100,000","-24,400,000","-24,900,000","-25,000,000","-24,700,000","-23,800,000","-23,800,000","-24,400,000","-22,000,000","-12,800,000","-14,200,000","-14,400,000","-14,300,000","-14,300,000","-14,500,000","-14,600,000","-16,600,000","-23,500,000","-23,721,000","-23,100,000","-20,600,000","-17,617,000","-18,113,000","-17,156,000","-17,079,000","-18,630,000"
	InterestExpenseNonOperating,"130,900,000","33,600,000","32,200,000","32,500,000","32,600,000","28,700,000","26,800,000","23,900,000","19,400,000","21,200,000","21,700,000","22,900,000","23,100,000","24,400,000","24,900,000","25,000,000","24,700,000","23,800,000","23,800,000","24,400,000","22,000,000","12,800,000","14,200,000","14,400,000","14,300,000","14,300,000","14,500,000","14,600,000","16,600,000","23,500,000","23,721,000","23,100,000","20,600,000","17,617,000","18,113,000","17,156,000","17,079,000","18,630,000"
OtherIncomeExpense,"-4,000,000","-1,100,000","-16,200,000","14,200,000","-900,000","700,000","-200,000","-3,100,000","-40,500,000","-1,400,000","4,700,000","5,600,000","-9,300,000","6,200,000","5,000,000","700,000","200,000","1,000,000","600,000","-3,600,000","2,700,000","5,000,000","-1,100,000","-700,000","-800,000","700,000","300,000",,"-20,900,000","200,000","-267,000","1,100,000","700,000","-801,000","834,000","1,540,000","56,000","-553,000"
	SpecialIncomeCharges,,,"-15,100,000","15,400,000","0",,"100,000","-4,300,000","-39,400,000",,"-300,000","0","-14,500,000",,"0","0",,"0","-300,000","-5,300,000","0","-1,700,000","0",,"0",,"0","0","-21,400,000",,,"0","0",,,,,
		RestructuringAndMergernAcquisition,,,"15,100,000","-15,400,000","0",,"-100,000","4,300,000","39,400,000",,,,,,,,,,,,,,,,,,,,,,,,,,,,,
		OtherSpecialCharges,"14,800,000",,,,,,,,,,"300,000",,"14,500,000",,,,,,"300,000","5,300,000",,"1,700,000",,,,,"0",,"21,400,000",,,,,,,,,
	OtherNonOperatingIncomeExpenses,"-4,300,000","-1,100,000","-1,100,000","-1,200,000","-900,000","700,000","-300,000","1,200,000","-1,100,000","-1,400,000","5,000,000","5,600,000","5,200,000","6,200,000","5,000,000","700,000","200,000","1,000,000","900,000","1,700,000","2,700,000","1,700,000","-1,100,000","-700,000","-800,000","700,000","300,000",,"500,000","200,000","-267,000","1,100,000","700,000","-801,000","834,000","1,540,000","56,000","-553,000"
PretaxIncome,"318,500,000","74,900,000","91,500,000","97,600,000","54,500,000","10,000,000","65,400,000","69,700,000","-672,300,000","41,800,000","56,500,000","74,100,000","-13,500,000","9,300,000","36,900,000","13,200,000","19,000,000","3,900,000","86,000,000","4,100,000","18,800,000","-2,100,000","-500,000","7,400,000","-11,500,000","-16,900,000","-1,400,000","-4,300,000","-71,100,000","-43,800,000","-26,594,000","-28,600,000","-38,400,000","-52,569,000","-67,884,000","-46,710,000","-34,988,000","-51,444,000"
TaxProvision,"17,900,000","6,300,000","4,100,000","-100,000","7,600,000","-800,000","-5,400,000","4,600,000","900,000","-1,400,000","-4,600,000","-2,700,000","-800,000","-3,900,000","-6,600,000","-900,000","-1,200,000","-300,000","-12,300,000","-3,000,000","-4,600,000","1,000,000","300,000","-900,000","-400,000","1,400,000","-900,000","900,000","200,000","-400,000","178,000","-1,000,000","-800,000","-1,226,000","-2,433,000","618,000","351,000","322,000"
NetIncomeCommonStockholders,"299,900,000","68,400,000","87,200,000","97,500,000","46,800,000","10,800,000","70,500,000","64,700,000","-673,200,000","42,900,000","60,500,000","76,200,000","-12,600,000","12,900,000","42,500,000","13,200,000","18,100,000","3,300,000","92,600,000","22,400,000","20,800,000","600,000","-1,900,000","4,800,000","-8,900,000","-10,500,000","28,300,000","-2,500,000","-29,800,000","-43,400,000","-26,772,000","-27,600,000","-37,600,000","-51,343,000","-65,451,000","-47,328,000","-35,339,000","-51,766,000"
	NetIncome,"299,900,000","68,400,000","87,200,000","97,500,000","46,800,000","10,800,000","70,500,000","64,700,000","-673,200,000","42,900,000","60,500,000","76,200,000","-12,600,000","12,900,000","42,500,000","13,200,000","18,100,000","3,300,000","92,600,000","22,400,000","20,800,000","600,000","-1,900,000","4,800,000","-8,900,000","-10,500,000","100,000","-2,500,000","-29,800,000","-43,400,000","-26,772,000","-27,600,000","-37,600,000","-51,343,000","-65,451,000","-47,328,000","-35,339,000","-51,766,000"
		NetIncomeIncludingNoncontrollingInterests,"300,600,000","68,600,000","87,400,000","97,700,000","46,900,000","10,800,000","70,800,000","65,100,000","-673,200,000","43,200,000","61,100,000","76,800,000","-12,700,000","13,200,000","43,500,000","14,100,000","20,200,000","4,200,000","94,800,000","30,000,000","18,100,000","-3,100,000","-800,000","8,300,000","-11,100,000","-18,300,000","-500,000","-5,200,000","-71,300,000","-43,400,000","-26,772,000","-27,600,000","-37,600,000","-51,343,000","-65,451,000","-47,328,000","-35,339,000","-51,766,000"
			NetIncomeContinuousOperations,"300,600,000","68,600,000","87,400,000","97,700,000","46,900,000","10,800,000","70,800,000","65,100,000","-673,200,000","43,200,000","61,100,000","76,800,000","-12,700,000","13,200,000","43,500,000","14,100,000","20,200,000","4,200,000","98,300,000","7,100,000","23,400,000","-3,100,000","-800,000","8,300,000","-11,100,000","-18,300,000","-500,000","-5,200,000","-71,300,000","-43,400,000","-26,772,000","-27,600,000","-37,600,000","-51,343,000","-65,451,000","-47,328,000","-35,339,000","-51,766,000"
			NetIncomeDiscontinuousOperations,"0",,,,,,,,,,,,,,"0","0",,,"-3,500,000","22,900,000","-5,300,000",,,,,,,,,,,,,,,,,
		MinorityInterests,"-700,000","-200,000","-200,000","-200,000","-100,000","0","-300,000","-400,000","0","-300,000","-600,000","-600,000","100,000","-300,000","-1,000,000","-900,000","-2,100,000","-900,000","-2,200,000","-7,600,000","2,700,000","3,700,000","-1,100,000","-3,500,000","2,200,000","7,800,000","600,000","2,700,000","41,500,000",,,"0","0",,,,,
DilutedNIAvailtoComStockholders,"299,900,000","68,400,000","87,200,000","97,500,000","46,800,000","10,800,000","70,500,000","64,700,000","-673,200,000","42,900,000","60,500,000","76,200,000","-12,600,000","12,900,000","42,500,000","13,200,000","18,100,000","3,300,000","92,600,000","22,400,000","20,800,000","600,000","-1,900,000","4,800,000","-8,900,000","-10,500,000","28,300,000","-2,500,000","-29,800,000","-43,400,000","-26,772,000","-27,600,000","-37,600,000","-51,343,000","-65,451,000","-47,328,000","-35,339,000","-51,766,000"
BasicEPS,,"0.42","0.52","0.58","0.28","0.06","0.42","0.39","-4.06","0.25","0.35","0.44","-0.07","0.08","0.24","0.08","0.12","0.02","0.72","0.2","0.2","0.01","-0.02","0.06","-0.11","-0.15","0.002","-0.04","-0.46","-0.714",,"-0.215","-0.292","-0.399",,,,"-0.403"
DilutedEPS,,"0.41","0.52","0.58","0.27","0.06","0.41","0.38","-4.06","0.24","0.34","0.42","-0.07","0.07","0.24","0.08","0.11","0.02","0.54","0.17","0.1","0.01","-0.02","0.05","-0.11","-0.15","0.002","-0.04","-0.46","-0.714",,"-0.215","-0.292","-0.399",,,,"-0.403"
BasicAverageShares,,"164,323,000","166,481,000","167,542,000","168,204,000","169,435,000","168,345,000","167,258,000","165,845,000","173,113,000","171,870,000","174,820,000","176,007,000","171,001,000","167,753,000","162,359,000","152,577,000","137,841,000","128,388,000","114,836,000","101,800,000","89,600,000","87,774,000","83,733,000","79,872,000","67,834,000","66,244,000","64,999,000","64,635,000","61,825,912",,"128,567,000","128,567,000","128,567,000",,,,"128,567,000"
DilutedAverageShares,,"166,811,000","168,304,000","169,823,000","171,129,000","173,053,000","172,423,000","171,405,000","165,845,000","177,857,000","177,642,000","181,654,000","176,007,000","183,148,000","182,244,000","182,392,000","180,881,000","178,787,000","176,732,000","175,219,000","176,716,000","100,242,000","87,774,000","96,743,000","79,872,000","67,834,000","66,244,000","64,999,000","64,635,000","61,825,912",,"128,567,000","128,567,000","128,567,000",,,,"128,567,000"
TotalOperatingIncomeAsReported,"453,700,000","109,600,000","124,800,000","131,300,000","88,000,000","38,000,000","92,500,000","92,400,000","22,900,000","64,400,000","73,500,000","91,400,000","18,900,000","18,800,000","41,800,000","37,500,000","43,500,000","26,800,000","23,000,000","32,100,000","6,100,000","5,700,000","17,900,000","21,200,000","9,700,000","1,300,000","12,800,000","10,300,000","-33,600,000","-20,500,000","-2,606,000","-6,600,000","-18,500,000","-34,151,000","-50,605,000","-31,094,000","-17,965,000","-32,261,000"
TotalExpenses,"3,463,900,000","893,100,000","879,400,000","848,100,000","843,300,000","863,100,000","781,500,000","747,700,000","1,418,800,000","727,600,000","706,900,000","669,100,000","718,300,000","682,500,000","639,000,000","642,000,000","608,100,000","606,500,000","493,000,000","550,100,000","519,700,000","479,000,000","471,100,000","449,600,000","452,600,000","437,000,000","412,600,000","400,800,000","428,100,000","396,800,000","374,267,000","363,500,000","357,000,000","354,345,000","356,534,000","317,220,000","293,983,000","295,033,000"
NetIncomeFromContinuingAndDiscontinuedOperation,"299,900,000","68,400,000","87,200,000","97,500,000","46,800,000","10,800,000","70,500,000","64,700,000","-673,200,000","42,900,000","60,500,000","76,200,000","-12,600,000","12,900,000","42,500,000","13,200,000","18,100,000","3,300,000","92,600,000","22,400,000","20,800,000","600,000","-1,900,000","4,800,000","-8,900,000","-10,500,000","100,000","-2,500,000","-29,800,000","-43,400,000","-26,772,000","-27,600,000","-37,600,000","-51,343,000","-65,451,000","-47,328,000","-35,339,000","-51,766,000"
NormalizedIncome,"299,616,860.283","68,400,000","101,623,387.978","86,258,000","46,800,000","10,800,000","70,427,000","68,716,212.339","-644,438,000","42,900,000","60,719,000","76,200,000","1,044,500","12,900,000","42,500,000","13,200,000","18,100,000","3,300,000","96,280,000","2,680,000","26,100,000","1,620,000","-1,900,000","4,800,000","-8,900,000","-10,500,000","100,000","-2,500,000","-16,960,000","-43,400,000","-26,772,000","-27,600,000","-37,600,000","-51,343,000","-65,451,000","-47,328,000","-35,339,000","-51,766,000"
InterestExpense,"130,900,000","33,600,000","32,200,000","32,500,000","32,600,000","28,700,000","26,800,000","23,900,000","19,400,000","21,200,000","21,700,000","22,900,000","23,100,000","24,400,000","24,900,000","25,000,000","24,700,000","23,800,000","23,800,000","24,400,000","22,000,000","12,800,000","14,200,000","14,400,000","14,300,000","14,300,000","14,500,000","14,600,000","16,600,000","23,500,000","23,721,000","23,100,000","20,600,000","17,617,000","18,113,000","17,156,000","17,079,000","18,630,000"
NetInterestIncome,"-130,900,000","-33,600,000","-32,200,000","-32,500,000","-32,600,000","-28,700,000","-26,800,000","-23,900,000","-19,400,000","-21,200,000","-21,700,000","-22,900,000","-23,100,000","-24,400,000","-24,900,000","-25,000,000","-24,700,000","-23,800,000","-23,800,000","-24,400,000","-22,000,000","-12,800,000","-14,200,000","-14,400,000","-14,300,000","-14,300,000","-14,500,000","-14,600,000","-16,600,000","-23,500,000","-23,721,000","-23,100,000","-20,600,000","-17,617,000","-18,113,000","-17,156,000","-17,079,000","-18,630,000"
EBIT,"449,400,000","108,500,000","123,700,000","130,100,000","87,100,000","38,700,000","92,200,000","93,600,000","-652,900,000","63,000,000","78,200,000","97,000,000","9,600,000","33,700,000","61,800,000","38,200,000","43,700,000","27,700,000","109,800,000","28,500,000","40,800,000","10,700,000","13,700,000","21,800,000","2,800,000","-2,600,000","13,100,000","10,300,000","-54,500,000","-20,300,000","-2,873,000","-5,500,000","-17,800,000","-34,952,000","-49,771,000","-29,554,000","-17,909,000","-32,814,000"
EBITDA,"648,200,000"
ReconciledCostOfRevenue,"1,421,200,000","370,200,000","373,200,000","345,800,000","332,000,000","321,200,000","301,900,000","290,200,000","289,400,000","277,100,000","270,800,000","265,000,000","254,600,000","236,400,000","230,400,000","226,900,000","221,300,000","215,300,000","202,000,000","200,300,000","196,400,000","176,800,000","172,100,000","169,200,000","162,100,000","154,400,000","145,000,000","144,000,000","139,700,000","137,200,000","133,764,000","131,669,000","127,135,000","125,858,000","123,059,000","119,774,000","116,498,000","114,537,000"
ReconciledDepreciation,"198,800,000","48,200,000","49,900,000","50,700,000","50,000,000","49,000,000","51,400,000","50,700,000","48,400,000","52,200,000","48,800,000","49,900,000","53,800,000","57,200,000","58,000,000","61,300,000","57,000,000","57,800,000","58,700,000","60,000,000","55,500,000","31,600,000","38,500,000","43,400,000","39,300,000","38,900,000","42,400,000","40,600,000","38,400,000","37,400,000","39,737,000","38,531,000","37,765,000","36,726,000","37,894,000","34,067,000","33,486,000","35,120,000"
NetIncomeFromContinuingOperationNetMinorityInterest,"299,900,000","68,400,000","87,200,000","97,500,000","46,800,000","10,800,000","70,500,000","64,700,000","-673,200,000","42,900,000","60,500,000","76,200,000","-12,600,000","12,900,000","42,500,000","13,200,000","18,100,000","3,300,000","96,100,000","-500,000","26,100,000","600,000","-1,900,000","4,800,000","-8,900,000","-10,500,000","100,000","-2,500,000","-29,800,000","-43,400,000","-26,772,000","-27,600,000","-37,600,000","-51,343,000","-65,451,000","-47,328,000","-35,339,000","-51,766,000"
TotalUnusualItemsExcludingGoodwill,"300,000",,"-15,100,000","15,400,000","0",,"100,000","-4,300,000","-39,400,000",,"-300,000","0","-14,500,000",,"0","0",,"0","-300,000","-5,300,000","0","-1,700,000","0",,"0",,"0","0","-21,400,000",,,"0","0",,,,,
TotalUnusualItems,"300,000",,"-15,100,000","15,400,000","0",,"100,000","-4,300,000","-39,400,000",,"-300,000","0","-14,500,000",,"0","0",,"0","-300,000","-5,300,000","0","-1,700,000","0",,"0",,"0","0","-21,400,000",,,"0","0",,,,,
NormalizedEBITDA,"647,900,000","156,700,000","188,700,000","165,400,000","137,100,000","87,700,000","143,500,000","148,600,000","-565,100,000","115,200,000","127,300,000","146,900,000","77,900,000","90,900,000","119,800,000","99,500,000","100,700,000","85,500,000","168,800,000","93,800,000","96,300,000","44,000,000","52,200,000","65,200,000","42,100,000","36,300,000","55,500,000","50,900,000","5,300,000","17,100,000","36,864,000","33,031,000","20,000,000","1,774,000","-11,877,000","4,513,000","15,577,000","2,306,000"
TaxRateForCalcs,"0.056","0.084","0.045","0.27","0.139","0.27","0.27","0.066","0.27","0.27","0.27","0.27","0.059","0.27","0.27","0.27","0.27","0.27","0.4","0.4","0.4","0.4","0.4","0.4","0.035","0.4","0.4","0.4","0.4","0.009","0.35","0.035","0.021","0.023","0.036","0.35","0.35","0.35"
TaxEffectOfUnusualItems,"16,860.283","0","-676,612.022","4,158,000","0","0","27,000","-283,787.661","-10,638,000","0","-81,000","0","-855,500","0","0","0","0","0","-120,000","-2,120,000","0","-680,000","0","0","0","0","0","0","-8,560,000","0","0","0","0","0","0","0","0","0"