name,ttm,03/31/2022,12/31/2021,09/30/2021,06/30/2021,03/31/2021,12/31/2020,09/30/2020,06/30/2020,03/31/2020,12/31/2019,09/30/2019,06/30/2019,03/31/2019,12/31/2018,09/30/2018,06/30/2018,03/31/2018,12/31/2017,09/30/2017,06/30/2017,03/31/2017,12/31/2016,09/30/2016,06/30/2016,03/31/2016,12/31/2015,09/30/2015,06/30/2015,03/31/2015,12/31/2014,09/30/2014,06/30/2014,03/31/2014,12/31/2013,09/30/2013,06/30/2013,03/31/2013,12/31/2012,09/30/2012,06/30/2012,03/31/2012,12/31/2011,09/30/2011,06/30/2011,03/31/2011,12/31/2010,09/30/2010,06/30/2010,03/31/2010,12/31/2009,09/30/2009,06/30/2009,03/31/2009,12/31/2008,09/30/2008,06/30/2008,03/31/2008,12/31/2007,09/30/2007,06/30/2007,03/31/2007,12/31/2006,09/30/2006,06/30/2006,03/31/2006,12/31/2005,09/30/2005,06/30/2005,03/31/2005,12/31/2004,09/30/2004,06/30/2004,03/31/2004,12/31/2003,09/30/2003,06/30/2003,03/31/2003,12/31/2002,09/30/2002,06/30/2002,03/31/2002,12/31/2001,09/30/2001,06/30/2001,03/31/2001,12/31/2000,09/30/2000,06/30/2000,03/31/2000,12/31/1999,09/30/1999,06/30/1999,03/31/1999
TotalRevenue,"1,130,491,000","273,644,000","281,958,000","282,422,000","292,467,000","239,696,000","205,628,000","205,396,000","75,974,000","207,157,000","242,134,000","243,314,000","248,070,000","239,892,000","210,125,000","210,337,000","216,543,000","214,789,000","184,347,000","108,322,000","110,493,000","106,646,000","105,386,000","104,226,000","102,558,000","91,034,000","86,435,000","62,512,000","15,329,000","12,766,000","12,825,000","15,930,000","14,107,000","12,310,000","11,445,000","15,492,000","8,549,000","3,304,000","2,831,000","3,639,000","2,519,000","1,963,000","1,273,000","250,000","28,157,000","5,893,000","4,674,000","8,172,000","4,802,000","6,954,000","5,261,000","6,617,000","7,064,000","7,278,000","-7,403,000","11,215,000","10,959,000","9,561,000","8,344,000","7,007,000","8,129,000","4,972,000","6,114,000","5,908,000","11,220,000","6,631,000","5,388,000","2,131,000","6,601,000","4,104,000","5,725,000","2,974,000","4,718,000","4,140,000","387,000","377,000","2,954,000","550,000","0",,,"1,502,000","7,368,000","8,664,000","9,599,000","9,223,000","6,652,000","10,684,000","10,655,000","31,053,000","10,300,000","14,400,000","14,900,000","15,100,000"
	OperatingRevenue,"1,073,711,000","258,989,000","265,574,000","269,004,000","280,144,000","229,202,000","196,335,000","196,711,000","72,832,000","194,367,000","226,204,000","229,024,000","233,864,000","224,837,000","198,500,000","197,867,000","203,536,000","202,531,000","186,935,000","110,129,000","112,469,000","108,750,000","108,890,000","105,910,000","104,383,000","93,368,000","88,769,000","63,707,000","15,260,000","13,199,000","12,944,000","15,891,000","14,294,000","12,926,000","11,645,000","15,369,000","8,179,000","3,207,000","2,831,000","3,639,000","2,519,000","1,963,000","1,273,000","250,000","28,157,000","5,893,000","4,674,000","8,172,000","4,802,000","6,954,000","5,261,000","6,617,000","7,064,000","7,278,000","-7,403,000","11,215,000","10,959,000","9,561,000","8,344,000","7,007,000","8,129,000","4,972,000","6,114,000","5,908,000","11,220,000","6,631,000","5,388,000","2,131,000","6,601,000","4,104,000","5,725,000","2,974,000","4,718,000","4,140,000","387,000","377,000","2,954,000","550,000","0",,,"1,502,000","7,368,000","8,664,000","9,599,000","9,223,000","6,652,000","10,684,000","10,655,000","31,053,000","10,300,000","14,400,000","14,900,000","15,100,000"
CostOfRevenue,"621,677,000","153,558,000","159,961,000","156,338,000","151,820,000","132,219,000","123,285,000","112,641,000","50,960,000","132,081,000","145,446,000","146,278,000","145,391,000","141,397,000","129,697,000","127,887,000","129,807,000","126,841,000","112,408,000","76,893,000","78,438,000","76,002,000","76,681,000","75,509,000","73,485,000","64,657,000","61,244,000","43,568,000","8,543,000","7,514,000","7,478,000","8,903,000","8,195,000","7,339,000","7,305,000","8,168,000","3,409,000","629,000","833,000","833,000","0","0","0","0","0","0","0","0","0","0","0","0","0","0",,"997,000","2,784,000","2,670,000","1,630,000","1,355,000","3,087,000","2,152,000","1,983,000","1,737,000","4,176,000","2,420,000",,,,,,,,,,,,,,,,,,,,,,,,,,"100,000",,
GrossProfit,"508,814,000","120,086,000","121,997,000","126,084,000","140,647,000","107,477,000","82,343,000","92,755,000","25,014,000","75,076,000","96,688,000","97,036,000","102,679,000","98,495,000","80,428,000","82,450,000","86,736,000","87,948,000","71,939,000","31,429,000","32,055,000","30,644,000","28,705,000","28,717,000","29,073,000","26,377,000","25,191,000","18,944,000","6,786,000","5,252,000","5,347,000","7,027,000","5,912,000","4,971,000","4,140,000","7,324,000","5,140,000","2,675,000","1,998,000","2,806,000","2,519,000","1,963,000","1,273,000","250,000","28,157,000","5,893,000","4,674,000","8,172,000","4,802,000","6,954,000","5,261,000","6,617,000","7,064,000","7,278,000","-951,000","10,218,000","8,175,000","6,891,000","6,714,000","5,652,000","5,042,000","2,820,000","4,131,000","4,171,000","7,044,000","4,211,000","5,388,000",,"6,601,000","4,104,000","5,725,000",,"4,718,000","4,140,000","387,000","377,000",,,"0",,,"1,502,000","7,368,000","8,664,000","9,599,000","9,223,000","6,652,000","10,684,000",,"31,053,000",,"14,300,000",,"15,100,000"
OperatingExpense,"335,249,000","87,241,000","86,998,000","80,934,000","80,076,000","80,897,000","77,036,000","83,756,000","64,487,000","78,871,000","85,475,000","86,960,000","86,949,000","84,990,000","71,382,000","70,830,000","67,229,000","70,078,000","66,012,000","27,476,000","27,411,000","25,326,000","26,105,000","25,840,000","23,588,000","22,599,000","20,413,000","17,363,000","6,419,000","7,014,000","6,548,000","6,351,000","6,587,000","6,593,000","6,368,000","6,344,000","6,240,000","4,553,000","3,741,000","3,339,000","2,221,000","2,621,000","16,359,000","4,144,000","11,558,000","4,656,000","4,353,000","5,336,000","7,562,000","4,315,000","648,000","7,105,000","8,869,000","6,431,000","48,224,000","15,322,000","14,709,000","14,744,000","13,467,000","11,971,000","3,488,000","10,102,000","-3,406,000","3,287,000","-8,499,000","-6,031,000","5,511,000","9,844,000","12,416,000","6,906,000","6,432,000","5,815,000","12,357,000","5,875,000","3,588,000","2,639,000","1,869,000","3,107,000","3,653,000","2,830,000","9,692,000","2,198,000","4,884,000","2,864,000","3,269,000","2,911,000","1,910,000","2,976,000","3,075,000","3,975,000","2,800,000","1,200,000","3,400,000","2,200,000"
	SellingGeneralAndAdministration,"229,286,000","60,910,000","60,634,000","54,457,000","53,285,000","53,591,000","47,122,000","52,132,000","32,548,000","47,610,000","55,560,000","57,106,000","56,235,000","56,947,000","48,034,000","47,479,000","43,986,000","44,393,000","45,937,000","19,655,000","19,429,000","18,502,000","17,883,000","17,816,000","16,222,000","16,234,000","16,166,000","12,134,000","5,539,000","6,135,000","5,648,000","5,455,000","5,723,000","5,740,000","5,550,000","5,398,000","4,613,000","3,767,000","3,137,000","2,846,000","1,905,000","2,303,000","1,979,000","2,537,000","2,286,000","2,656,000","2,341,000","2,936,000","3,253,000","3,235,000","2,915,000","3,508,000","3,767,000","4,042,000","5,832,000","13,341,000","13,943,000","10,892,000","10,335,000","10,058,000","9,966,000","9,741,000","8,449,000","8,772,000","8,833,000","9,176,000","10,835,000","7,591,000","11,347,000","9,650,000","9,344,000","5,652,000","5,800,000","5,732,000","3,435,000","2,504,000","4,950,000","2,979,000","3,521,000","2,700,000","9,572,000","2,099,000","4,538,000","2,541,000","2,940,000","2,580,000","1,578,000","2,647,000","2,747,000","2,054,000","2,300,000","800,000","2,900,000","1,700,000"
		GeneralAndAdministrativeExpense,,,,,,,,,,,,,,,,"47,500,000",,,"504,000","282,000","574,000","272,000","578,000","801,000","519,000","573,000",,"129,000",,,"0",,"0","0","21,000","0",,"265,000","833,000","833,000",,,,,,,,,,,,,,"0",,,,,,,,,,,,,,,,,,,,,,,,,,,,,,,,,,,,,,,,
			OtherGandA,,,,,,,,,,,,,,,,"47,500,000",,,,,,,,,,,,,,,,,,,,,,,,,,,,,,,,,,,,,,,,,,,,,,,,,,,,,,,,,,,,,,,,,,,,,,,,,,,,,,
	DepreciationAmortizationDepletionIncomeStatement,"105,782,000","26,276,000","26,350,000","26,474,000","26,682,000","27,186,000","29,793,000","31,551,000","31,930,000","31,156,000","29,740,000","29,611,000","29,976,000","27,265,000","23,035,000","23,330,000","22,854,000","25,237,000","19,287,000","7,539,000","7,408,000","6,552,000","7,644,000","7,223,000","6,847,000","5,792,000","3,939,000","5,100,000","880,000","879,000","900,000","896,000","864,000","853,000","797,000","946,000","725,000","521,000","604,000","493,000","316,000","318,000","397,000","316,000","9,272,000","2,000,000","2,848,000","2,850,000","2,851,000","2,850,000","2,855,000","2,693,000","2,596,000","2,552,000","1,533,000","1,900,000","1,891,000","1,869,000","1,858,000","1,313,000","191,000","290,000","325,000","303,000","315,000","269,000","132,000","133,000","113,000","92,000","142,000","163,000","150,000","143,000","153,000","135,000","131,000","128,000","132,000","130,000","120,000","99,000","346,000","323,000","329,000","331,000","332,000","329,000","328,000","1,921,000","500,000","400,000","500,000","500,000"
		DepreciationAndAmortizationInIncomeStatement,"105,782,000","26,276,000","26,350,000","26,474,000","26,682,000","27,186,000","29,793,000","31,551,000","31,930,000","31,156,000","29,740,000","29,611,000","29,976,000","27,265,000","23,035,000","23,330,000","22,854,000","25,237,000","19,287,000","7,539,000","7,408,000","6,552,000","7,644,000","7,223,000","6,847,000","5,792,000","3,939,000","5,100,000","880,000","879,000","900,000","896,000","864,000","853,000","797,000","946,000","725,000","521,000","604,000","493,000","316,000","318,000","397,000","316,000","9,272,000","2,000,000","2,848,000","2,850,000","2,851,000","2,850,000","2,855,000","2,693,000","2,596,000","2,552,000","1,533,000","1,900,000","1,891,000","1,869,000","1,858,000","1,313,000","191,000","290,000","325,000","303,000","315,000","269,000","132,000","133,000","113,000","92,000","142,000","163,000","150,000","143,000","153,000","135,000","131,000","128,000","132,000","130,000","120,000","99,000","346,000","323,000","329,000","331,000","332,000","329,000","328,000","1,921,000","500,000","400,000","500,000","500,000"
			DepreciationIncomeStatement,,,,,,,,,,,,,,,"23,035,000","23,330,000","22,854,000","25,237,000","19,287,000","7,539,000","7,408,000","6,552,000","7,644,000","7,223,000","6,847,000","5,792,000","3,939,000","5,100,000","880,000","879,000","900,000","896,000","864,000","853,000","797,000","759,000","460,000","257,000","340,000","229,000","51,000","54,000","133,000","52,000","55,000","57,000","64,000","65,000","66,000","65,000","68,000","69,000","69,000","73,000","-281,000","219,000","211,000","188,000","178,000","192,000",,"195,000","185,000","164,000",,,,,,,,,,,,,,,,,,,,,,,,,,,,,,
			Amortization,,,,,,,,,,,,,,,,,,,,,,,,,,,,,,,"0","0","0","0","0","187,000","265,000","264,000","264,000","264,000","265,000","264,000","264,000","264,000","9,217,000","1,943,000","2,784,000","2,785,000","2,785,000","2,785,000","2,787,000","2,624,000","2,527,000","2,479,000","1,814,000","1,681,000","1,680,000","1,681,000","1,680,000","1,121,000",,"95,000","140,000","139,000",,,,,,,,,,,,,,,,,,,,,,,,,,,,,,
				AmortizationOfIntangiblesIncomeStatement,,,,,,,,,,,,,,,,,,,,,,,,,,,,,,,"0","0","0","0","0","187,000","265,000","264,000","264,000","264,000","265,000","264,000","264,000","264,000","9,217,000","1,943,000","2,784,000","2,785,000","2,785,000","2,785,000","2,787,000","2,624,000","2,527,000","2,479,000","1,814,000","1,681,000","1,680,000","1,681,000","1,680,000","1,121,000",,"95,000","140,000","139,000",,,,,,,,,,,,,,,,,,,,,,,,,,,,,,
	OtherOperatingExpenses,"181,000","55,000","14,000","3,000","109,000","120,000","121,000","73,000","9,000","105,000","175,000","243,000","738,000","778,000","313,000","21,000","389,000","448,000","788,000","282,000","574,000","272,000","578,000","801,000","519,000","573,000","308,000","129,000",,,,,,,"21,000",,"902,000","265,000",,,,,"13,983,000","1,291,000",,,"-836,000","-450,000","1,458,000","-1,770,000","-5,122,000","904,000","2,506,000","-163,000","40,859,000","81,000","-1,125,000","1,983,000","1,274,000","600,000","-6,669,000","71,000","-12,180,000","-5,788,000","-17,647,000","-15,476,000","-5,456,000","2,120,000","956,000","-2,836,000",,,"6,407,000",,,,"-3,212,000",,,,,,,,,,,,,,,,,
OperatingIncome,"173,565,000","32,845,000","34,999,000","45,150,000","60,571,000","26,580,000","5,307,000","8,999,000","-39,473,000","-3,795,000","11,213,000","10,076,000","15,730,000","13,505,000","9,046,000","11,620,000","19,507,000","17,870,000","5,927,000","3,953,000","4,644,000","5,318,000","2,600,000","2,877,000","5,485,000","3,778,000","4,778,000","1,581,000","367,000","-1,762,000","-1,201,000","676,000","-675,000","-1,622,000","-2,228,000","980,000","-1,100,000","-1,878,000","-1,743,000","-533,000","298,000","-658,000","-15,086,000","-3,894,000","16,599,000","1,237,000","321,000","2,836,000","-2,760,000","2,639,000","4,613,000","-488,000","-1,805,000","847,000","-49,175,000","-5,104,000","-6,534,000","-7,853,000","-6,753,000","-6,319,000","1,554,000","-7,282,000","7,537,000","884,000","15,543,000","10,242,000","-123,000","-7,713,000","-5,815,000","-2,802,000","-707,000","-2,841,000","-7,639,000","-1,735,000","-3,201,000","-2,262,000","1,085,000","-2,557,000","-3,653,000","-2,830,000","-9,692,000","-696,000","2,484,000","5,800,000","6,330,000","6,312,000","4,742,000","7,708,000","7,580,000","27,078,000","7,500,000","13,100,000","11,500,000","12,900,000"
NetNonOperatingInterestIncomeExpense,"-61,923,000","-15,118,000","-15,101,000","-15,535,000","-16,169,000","-16,048,000","-17,535,000","-16,422,000","-16,407,000","-18,746,000","-18,174,000","-18,776,000","-19,135,000","-18,135,000","-16,928,000","-16,291,000","-16,066,000","-14,743,000","-14,030,000","-1,885,000","-2,000,000","-1,683,000","-1,668,000","-1,689,000","-1,640,000","-1,457,000","-1,305,000","-980,000","-214,000","-229,000","-245,000","-258,000","-270,000","-285,000","-289,000","826,000","1,477,000","1,545,000","1,449,000","1,386,000","1,336,000","1,331,000","1,250,000","1,166,000","1,192,000","1,147,000","942,000","1,236,000","1,302,000","1,560,000","2,056,000","1,160,000","1,336,000","1,467,000",,,,,,,,,,,,,,,,,,,,,,,,,,,,,,,,,,,,,,,,
	InterestIncomeNonOperating,,,,,,,,,,,,,,,,,,,,,,,,,,,"1,000",,"48,000","45,000","41,000","39,000","38,000","33,000","33,000","1,276,000","1,741,000","1,753,000","1,667,000","1,614,000","1,578,000","1,583,000","1,517,000","1,439,000","1,513,000","1,468,000","1,271,000","1,682,000","1,847,000","2,247,000","2,749,000","1,669,000","1,753,000","1,862,000",,,,,,,,,,,,,,,,,,,,,,,,,,,,,,,,,,,,,,,,
	InterestExpenseNonOperating,"61,923,000","15,118,000","15,101,000","15,535,000","16,169,000","16,048,000","17,535,000","16,422,000","16,407,000","18,746,000","18,174,000","18,776,000","19,135,000","18,135,000","16,928,000","16,291,000","16,066,000","14,743,000","14,030,000","1,885,000","2,000,000","1,683,000","1,668,000","1,689,000","1,640,000","1,457,000","1,387,000","980,000","262,000","274,000","286,000","297,000","308,000","318,000","322,000","450,000","264,000","208,000","218,000","228,000","242,000","252,000","267,000","273,000","321,000","321,000","329,000","446,000","545,000","687,000","693,000","509,000","417,000","395,000",,,,,,,,,,,,,,,,,,,,,,,,,,,,,,,,,,,,,,,,
	TotalOtherFinanceCost,"74,220,000",,,,,,,,,"18,746,000","18,174,000","18,776,000","19,135,000","18,135,000","16,928,000","16,291,000","16,066,000","14,743,000","14,030,000","1,885,000","2,000,000","1,683,000","1,668,000","1,689,000","1,640,000","1,457,000",,"980,000",,,,,,,,,,,,,,,,,,,,,,,,,,,,,,,,,,,,,,,,,,,,,,,,,,,,,,,,,,,,,,,,,,
OtherIncomeExpense,"57,834,000","-140,000","-729,000","-687,000","59,390,000","-209,000","-6,421,000","450,000","-22,480,000","-10,027,000","-792,000","-547,000","-12,347,000","-4,039,000","-7,687,000","-675,000","1,050,000","2,022,000","-2,364,000","-1,564,000","-2,066,000","0","3,941,000","205,000","-434,000","-23,000","22,666,000","-10,457,000","-315,000","421,000","1,388,000","-23,494,000","1,002,000","139,000","1,658,000","17,793,000","-133,000","0","2,031,000","-1,931,000","-1,355,000","-915,000","-5,781,000","-1,059,000","-515,000","-874,000","-39,771,000","21,960,000","-184,000","-2,763,000","-1,149,000","-618,000","-1,719,000","-577,000","-40,790,000","-16,000","1,245,000","-1,921,000","-1,257,000","-550,000","6,691,000","-3,991,000","11,582,000","10,334,000","10,816,000","21,229,000","5,456,000","-2,119,000","-963,000","2,849,000","14,683,000","-29,000","-6,430,000","461,000","-47,000","-50,000","3,151,000","72,000","-143,000","-85,000","-108,000","-123,000","-26,566,000","-103,000","-819,000","-109,000","-6,423,000","-736,000","-18,397,000","-808,000","-1,200,000","-1,300,000","3,200,000","1,800,000"
	GainOnSaleOfSecurity,,,,,,,"0",,,"-1,000","-79,000","-352,000","-1,489,000","-2,248,000","-4,109,000","1,222,000","1,462,000","3,211,000","178,000",,,,"4,195,000",,,,"0",,,"750,000","1,391,000",,"1,000,000",,,,,,,,,,,,,,,,,,,,,,,,,,,,,,,,,,,,,,,,,,,,,,,,,,,,,,,,,,,,,
	EarningsFromEquityInterest,,,,,,,,,,,,,,,,,,,,,,,,,,,,,,,,,,,,,,,,,,,"0","0","0","0","0","0","-37,000","-27,000","-231,000","-17,000",,,,,,,,,,,,,,,"1,000","1,000","-7,000","13,000","382,000","-30,000","-23,000","419,000","-47,000","-50,000","-60,000","-87,000","-143,000","-85,000","-108,000","-123,000","-101,000","-103,000","-153,000","-109,000",,,,,,,,
	SpecialIncomeCharges,"-2,166,000","-140,000","-729,000","-687,000","-610,000","-209,000","-6,421,000","450,000","-22,480,000","-10,026,000","-713,000","-195,000","-10,858,000","-1,791,000","-3,578,000","-1,897,000","-412,000","-1,189,000","-2,542,000","-1,564,000","-2,066,000","0","3,090,000","205,000","-434,000","-41,000","22,662,000","-10,507,000","-351,000","-329,000","2,000","-23,498,000","1,000","-25,000","1,658,000","17,778,000","-143,000","0","2,031,000","-1,931,000","-1,355,000","-915,000","-5,781,000","-1,059,000","-515,000","-874,000","-39,771,000","21,960,000","-147,000","-2,736,000","-918,000","-601,000","-1,719,000","-577,000","-40,790,000","-16,000","1,245,000","-1,921,000","-1,257,000","-550,000","6,691,000","-3,991,000","11,585,000","10,334,000","10,816,000","21,229,000","5,455,000","-2,120,000","-956,000","2,836,000","14,301,000","1,000","-6,407,000","42,000","0",,"3,211,000","159,000",,,,,"-26,465,000",,"-666,000",,"-6,423,000","-736,000","-18,397,000","-808,000","-1,200,000","-1,300,000","3,200,000","1,800,000"
		RestructuringAndMergernAcquisition,,,,,"0","0","343,000","24,000","367,000","2,976,000","393,000","428,000","1,123,000","1,544,000","1,311,000","1,123,000","194,000","1,112,000","1,142,000","1,256,000","2,066,000","0","1,037,000","139,000","434,000","41,000","934,000","9,325,000",,,"0","0",,,"0","-3,752,000",,,,,,,,,,,,,,,,,,,,,,,,,,,,,,,,,,,,,,,,,,,,,,,,,,,,,,,,,,
		ImpairmentOfCapitalAssets,,,"0","0","0","0","6,092,000","0","21,411,000","6,461,000",,,,,,,,,,,,,"0",,"0","0","0","0","351,000","331,000","0",,,,"0","3,356,000","0","0","139,000","1,986,000","1,399,000","929,000","5,862,000","1,178,000","635,000","874,000","39,807,000","632,000","707,000","2,664,000","1,289,000","597,000","1,711,000","569,000",,,,,,,,,,,,,,,,,,,,,,,,,,,,,,,,,,,,,,,,
		WriteOff,,,,,,,,,,,,,,,,,,,,,,,,,,,"-23,590,000",,,,"0","20,997,000",,,"0","-17,382,000",,,,,,,,,,,,,,,,,,,,,,,,,,,,,,,,,,,,,,,,,,,,,,,,,,,,,,,,,,
		OtherSpecialCharges,"9,150,000","181,000","216,000","759,000",,,,,,,"0",,"9,150,000",,"106,000",,,,"1,708,000","-1,719,000",,,"1,009,000",,,"-18,000","0","1,174,000","-36,000","0","0","2,530,000","-1,000","-164,000","-1,658,000","-17,793,000","892,000",,"-2,170,000","-55,000","-44,000","-14,000","-81,000","-119,000","-120,000","0","-36,000","-22,592,000","-560,000","72,000","-371,000","4,000","8,000","8,000",,,,,,,,,,,,,,,,,,,,,,,,,,,,,,,,,,,,,,,,
		GainOnSaleOfBusiness,,,,,,,,,,,,,,,,,,,,,,,"0",,"0","0","0","0","0","750,000","1,391,000",,"1,000,000",,,,,,,,,,,,,,,,,,,,,,,,,,,,,,,,,,,,,,,,,,,,,,,,,,,,,,,,,,,,,
		GainOnSaleOfPPE,"-1,010,000","41,000","-513,000","72,000","-610,000","-209,000","14,000","474,000","-702,000","-589,000","-320,000","233,000","-585,000","-247,000","-2,267,000","-774,000","-218,000","-77,000","308,000","-308,000",,,"4,127,000","344,000",,"0",,"-8,000","0","2,000","2,000","29,000","1,000","-25,000","0","0","-143,000",,,,,,,,,,,,,,,,,,,,,,,,,,,,,,,,,,,,,,,,,,,,,,,,,,,,,,,,,
	OtherNonOperatingIncomeExpenses,,,"0",,"60,000,000",,,,"3,142,000",,,,,,,,,,,,,,"851,000",,,"18,000","4,000","50,000","36,000",,"-5,000","4,000","1,000","164,000","0","15,000","10,000",,"10,000",,,,,,,,,,,,,,,,,,,,,,,,,,,,,,,,,,,,,,,,,,,,,,,,,,,,,,,
PretaxIncome,"169,476,000","17,587,000","19,169,000","28,928,000","103,792,000","10,323,000","-18,649,000","-6,973,000","-78,360,000","-32,568,000","-7,753,000","-9,247,000","-15,752,000","-8,669,000","-15,569,000","-5,346,000","4,491,000","5,149,000","-10,467,000","504,000","578,000","3,635,000","4,873,000","1,393,000","3,411,000","2,298,000","26,139,000","-9,856,000","-162,000","-1,570,000","-58,000","-23,076,000","57,000","-1,768,000","-859,000","19,599,000","244,000","-333,000","1,737,000","-1,078,000","279,000","-242,000","-15,435,000","-9,205,000","17,152,000","2,372,000","-38,508,000","26,032,000","-1,642,000","1,436,000","-974,000","1,862,000","2,824,000","1,411,000","-50,265,000","-5,056,000","-6,273,000","-7,323,000","-6,102,000","-5,618,000","7,071,000","-12,652,000","4,877,000","3,429,000","8,066,000","15,760,000","185,000","-7,270,000","-5,451,000","-2,353,000","10,754,000","-2,766,000","-7,619,000","-1,226,000","-3,265,000","-2,214,000","1,338,000","-2,248,000","-3,698,000","-2,804,000","-9,388,000","943,000","-22,645,000","7,023,000","7,086,000","7,995,000","452,000","8,988,000","-8,725,000","27,876,000","8,000,000","13,600,000","14,700,000","14,700,000"
TaxProvision,"-17,746,000","-18,479,000","70,000","-123,000","786,000","-297,000","-180,000","-17,000","206,000","52,000","-81,000","200,000","-1,344,000","-651,000","9,745,000","-2,222,000","897,000","1,219,000","2,972,000","-8,051,000","-1,135,000","-1,707,000","-5,086,000","91,000","611,000","59,000","2,733,000","-12,874,000","17,000","155,000","0","0","0","0","0","0","0","0","-235,000","-87,000","-145,000","-1,997,000","-2,744,000","-9,149,000","7,667,000","992,000","-10,394,000","10,976,000","-5,551,000","6,123,000","1,456,000","-426,000","4,000","386,000","5,596,000","2,393,000","431,000","688,000","1,187,000","453,000","348,000","322,000","-525,000","2,195,000","3,837,000","2,710,000","-2,222,000","354,000","352,000","355,000","6,070,000","-1,101,000","-461,000","-466,000","-1,144,000","-912,000","549,000","-921,000","-1,054,000","-1,150,000","-2,208,000","387,000","-9,284,000","2,880,000","2,906,000","3,278,000","556,000","4,012,000","-3,414,000","11,761,000","3,800,000","6,200,000","6,100,000","6,100,000"
NetIncomeCommonStockholders,"187,222,000","36,066,000","19,099,000","29,051,000","103,006,000","10,620,000","-18,469,000","-6,956,000","-78,566,000","-32,620,000","-7,672,000","-9,447,000","-14,408,000","-8,018,000","-25,314,000","-3,124,000","3,594,000","3,930,000","-13,439,000","8,555,000","1,713,000","5,342,000","9,959,000","1,302,000","2,800,000","2,239,000","23,406,000","3,018,000","-179,000","-1,725,000","-58,000","-23,076,000","57,000","-1,768,000","-859,000","19,599,000","244,000","-333,000","1,972,000","-991,000","425,000","1,815,000","-12,672,000","-38,000","9,485,000","1,380,000","-28,114,000","15,056,000","3,909,000","-4,687,000","-2,430,000","2,288,000","2,820,000","1,025,000","-68,511,000","-5,721,000","-5,186,000","-6,905,000","-6,587,000","-5,212,000","6,574,000","-12,093,000","5,816,000","199,000","3,248,000","11,683,000","2,942,000","-7,042,000","-5,651,000","-2,119,000","5,595,000","-1,718,000","-7,158,000","-760,000","-2,121,000","-1,302,000","789,000","-1,327,000","-2,644,000","-1,654,000","-7,180,000","556,000","-13,361,000","4,143,000","4,180,000","4,717,000","-104,000","4,976,000","-5,311,000","16,115,000","4,200,000","7,400,000","8,600,000","8,600,000"
	NetIncome,"187,222,000","36,066,000","19,099,000","29,051,000","103,006,000","10,620,000","-18,469,000","-6,956,000","-78,566,000","-32,620,000","-7,672,000","-9,447,000","-14,408,000","-8,018,000","-25,314,000","-3,124,000","3,594,000","3,930,000","-13,439,000","8,555,000","1,713,000","5,342,000","9,959,000","1,302,000","2,800,000","2,239,000","23,406,000","3,018,000","-179,000","-1,725,000","-58,000","-23,076,000","57,000","-1,768,000","-859,000","19,599,000","244,000","-333,000","1,972,000","-991,000","425,000","1,815,000","-12,672,000","-38,000","9,485,000","1,380,000","-28,114,000","15,056,000","3,909,000","-4,687,000","-2,430,000","2,288,000","2,820,000","1,025,000","-68,511,000","-5,721,000","-5,186,000","-6,905,000","-6,587,000","-5,212,000","6,574,000","-12,093,000","5,816,000","199,000","3,248,000","11,683,000","2,942,000","-7,042,000","-5,651,000","-2,119,000","5,595,000","-1,718,000","-7,158,000","-760,000","-2,121,000","-1,302,000","789,000","-1,327,000","-2,644,000","-1,654,000","-7,180,000","556,000","-13,361,000","4,143,000","4,180,000","4,717,000","-104,000","4,976,000","-5,311,000","16,115,000","4,200,000","7,400,000","8,600,000","8,600,000"
		NetIncomeIncludingNoncontrollingInterests,"187,222,000","36,066,000","19,099,000","29,051,000","103,006,000","10,620,000","-18,469,000","-6,956,000","-78,566,000","-32,620,000","-7,672,000","-9,447,000","-14,408,000","-8,018,000","-25,314,000","-3,124,000","3,594,000","3,930,000","-13,439,000","8,555,000","1,713,000","5,342,000","9,959,000","1,302,000","2,800,000","2,239,000","23,406,000","3,018,000","-179,000","-1,725,000","-58,000","-23,076,000","57,000","-1,768,000","-859,000","19,599,000","244,000","-333,000","1,972,000","-991,000","424,000","1,755,000","-12,691,000","-56,000","9,485,000","1,380,000","-28,114,000","15,056,000","3,909,000","-4,687,000","-2,430,000","2,288,000","2,820,000","1,025,000","-64,159,000","-7,449,000","-6,704,000","-8,011,000","-7,289,000","-6,071,000","5,279,000","-12,974,000","5,399,000","1,234,000","4,229,000","13,050,000","2,408,000","-7,623,000","-5,810,000","-2,695,000","5,432,000","-1,665,000","-7,158,000","-760,000","-2,121,000","-1,302,000","789,000","-1,327,000","-2,644,000","-1,654,000","-7,180,000","556,000","-13,361,000","4,143,000","4,180,000","4,717,000","-104,000","4,976,000","-5,311,000","16,115,000","4,200,000","7,400,000","8,600,000","8,600,000"
			NetIncomeContinuousOperations,"187,222,000","36,066,000","19,099,000","29,051,000","103,006,000","10,620,000","-18,469,000","-6,956,000","-78,566,000","-32,620,000","-7,672,000","-9,447,000","-14,408,000","-8,018,000","-25,314,000","-3,124,000","3,594,000","3,930,000","-13,439,000","8,555,000","1,713,000","5,342,000","9,959,000","1,302,000","2,800,000","2,239,000","23,406,000","3,018,000","-179,000","-1,725,000","-58,000","-23,076,000","57,000","-1,768,000","-859,000","19,599,000","244,000","-333,000","1,972,000","-991,000","424,000","1,755,000","-12,691,000","-56,000","9,485,000","1,380,000","-28,114,000","15,056,000","3,909,000","-4,687,000","-2,430,000","2,288,000","2,820,000","1,025,000","-60,213,000","-5,721,000","-5,186,000","-6,905,000","-6,587,000","-5,212,000","8,018,000","-12,093,000","5,816,000","199,000","3,248,000","11,683,000","2,942,000","-7,042,000","-5,651,000","-2,119,000","5,595,000","-1,718,000","-7,158,000","-760,000","-2,121,000","-1,302,000","789,000","-1,327,000","-2,644,000","-1,654,000","-7,180,000","556,000","-13,361,000","4,143,000","4,180,000","4,717,000","-104,000","4,976,000","-5,311,000","16,115,000","4,200,000","7,400,000","8,600,000","8,600,000"
			NetIncomeDiscontinuousOperations,,,,,,,,,,,,,,,,,,,,,,,,,,,,,,,,,,,,,,,,,,,,,,,,,,,"0","0","0","0",,,,,,,,,,,,,,,,,,,,,,,,,,,,,,,,,,,,,,,,
			NetIncomeFromTaxLossCarryforward,,,,,,,,,,,,,,,,,,,,,,,,,,,,,,,,,,,,,,,,,,,,,,,,,,,,,,,,,,,"0",,"-1,444,000",,,,,,,,,,,,,,,,,,,,,,,,,,,,,,,,,
		MinorityInterests,,,,,,,,,,,,,,,,,,,,,,,,,,,,,,,"0",,,,"0","0","0","0","0","0","1,000","60,000","19,000","18,000",,,,,,,,,,,,"1,728,000","1,518,000","1,106,000","702,000","859,000","1,295,000","881,000","417,000","-1,035,000","-981,000","-1,367,000","534,000","581,000","159,000","576,000","163,000","-53,000",,,,,,,,,,,,,,,,,,,,,,
DilutedNIAvailtoComStockholders,"187,222,000","36,066,000","19,099,000","29,051,000","103,006,000","10,620,000","-18,469,000","-6,956,000","-78,566,000","-32,620,000","-7,672,000","-9,447,000","-14,408,000","-8,018,000","-25,314,000","-3,124,000","3,594,000","3,930,000","-13,439,000","8,555,000","1,713,000","5,342,000","9,959,000","1,302,000","2,800,000","2,239,000","23,406,000","3,018,000","-179,000","-1,725,000","-58,000","-23,076,000","57,000","-1,768,000","-859,000","19,599,000","244,000","-333,000","1,972,000","-991,000","425,000","1,815,000","-12,672,000","-38,000","9,485,000","1,380,000","-28,114,000","15,056,000","3,909,000","-4,687,000","-2,430,000","2,288,000","2,820,000","1,025,000","-68,511,000","-5,721,000","-5,186,000","-6,905,000","-6,587,000","-5,212,000","6,574,000","-12,093,000","5,816,000","199,000","3,248,000","11,683,000","2,942,000","-7,042,000","-5,651,000","-2,119,000","5,595,000","-1,718,000","-7,158,000","-760,000","-2,121,000","-1,302,000","789,000","-1,327,000","-2,644,000","-1,654,000","-7,180,000","556,000","-13,361,000","4,143,000","4,180,000","4,717,000","-104,000","4,976,000","-5,311,000","16,115,000","4,200,000","7,400,000","8,600,000","8,600,000"
BasicEPS,,"1.25","0.66","1","3.6","0.38","-0.66","-0.25","-2.8","-1.17","-0.28","-0.34","-0.52","-0.29","-0.9","-0.11","0.13","0.14","-0.53","0.38","0.08","0.24","0.45","0.06","0.13","0.1","1.07","0.16","-0.01","-0.13","-0.004","-1.72","0.004","-0.14","-0.06","1.48","0.02","-0.02","0.14","-0.08","0.04","0.14",,"0","0.72","0.1",,"1.14","0.3","-0.36",,"0.18","0.22","0.08",,"-0.46","-0.42","-0.56",,"-0.42","0.56","-1.06",,"0.02","0.28","1.04",,"-0.64","-0.5","-0.2",,"-0.16","-0.64","-0.03",,"-0.12","0.07","-0.06",,"-0.16","-0.67","0.05",,"0.39","0.39","0.22",,"0.47","-0.5","0.76",,"0.35","0.405","0.405"
DilutedEPS,,"1.12","0.59","0.91","3.26","0.35","-0.66","-0.25","-2.8","-1.17","-0.28","-0.34","-0.52","-0.29","-0.9","-0.11","0.12","0.13","-0.53","0.36","0.07","0.23","0.44","0.06","0.12","0.1","1.06","0.16","-0.01","-0.13","-0.004","-1.72","0.004","-0.14","-0.06","1.46","0.02","-0.02","0.14","-0.08","0.04","0.14",,"0","0.72","0.1",,"1.14","0.3","-0.36",,"0.18","0.22","0.08",,"-0.46","-0.42","-0.56",,"-0.42","0.5","-1.06",,"0.02","0.26","0.96",,"-0.64","-0.5","-0.2",,"-0.16","-0.64","-0.03",,"-0.12","0.07","-0.06",,"-0.16","-0.67","0.05",,"0.39","0.39","0.22",,"0.46","-0.5","0.76",,"0.34","0.4","0.4"
BasicAverageShares,,"28,894,000","29,035,000","28,950,000","28,621,000","28,219,000","28,186,000","28,130,000","28,072,000","27,930,000","27,841,000","27,806,000","27,762,000","27,570,000","27,992,000","27,655,000","27,406,000","27,149,000","25,551,000","22,266,000","22,265,000","22,238,000","22,230,000","22,221,000","22,136,000","21,960,000","21,790,000","18,821,000","13,392,000","13,391,000","13,389,000","13,389,000","13,374,500","13,363,500","13,292,500","13,232,000","13,220,500","13,220,500","13,220,500","13,220,500","13,220,500","13,215,500",,"13,203,000","13,203,000","13,199,000",,"13,184,500","13,184,500","13,180,500",,"13,164,000","13,164,000","13,162,500",,"12,592,000","12,464,000","12,302,000",,"12,196,500","11,914,500","11,485,000",,"11,438,000","11,437,500","11,203,000",,"11,150,000","11,150,000","11,133,500",,"11,116,000","11,106,000","21,770,000",,"10,639,000","10,638,000","21,276,000",,"10,638,000","10,638,000","10,638,000",,"10,638,000","10,638,000","21,276,000",,"10,638,000","10,632,000","21,260,000",,"10,620,000","10,591,000","10,576,000"
DilutedAverageShares,,"32,149,000","32,394,000","31,854,000","31,611,000","30,414,000","28,186,000","28,130,000","28,072,000","27,930,000","27,841,000","27,806,000","27,762,000","27,570,000","27,992,000","27,655,000","29,664,000","29,528,000","25,551,000","24,091,000","23,288,000","22,767,000","22,670,000","22,785,000","22,435,000","22,256,000","22,071,000","19,062,000","13,392,000","13,391,000","13,510,000","13,389,000","13,624,000","13,363,500","13,459,500","13,416,000","13,321,500","13,220,500","13,240,000","13,220,500","13,220,500","13,215,500",,"13,203,000","13,215,500","13,214,000",,"13,213,000","13,213,000","13,180,500",,"13,221,500","13,210,000","13,193,000",,"12,592,000","12,464,000","12,302,000",,"12,196,500","12,953,000","11,485,000",,"12,314,000","12,458,000","12,057,500",,"11,150,000","11,150,000","11,133,500",,"11,116,000","11,106,000","21,770,000",,"10,639,000","10,638,000","21,276,000",,"10,638,000","10,638,000","10,640,000",,"10,638,000","10,758,000","21,564,000",,"10,712,000","10,642,000","21,264,000",,"10,620,000","10,591,000","10,576,000"
TotalOperatingIncomeAsReported,"172,555,000","32,886,000","34,486,000","45,222,000","59,961,000","26,371,000","-1,114,000","9,449,000","-61,953,000","-13,821,000","10,500,000","9,881,000","14,022,000","11,714,000","5,468,000","9,723,000","19,095,000","16,681,000","5,093,000","2,389,000","2,578,000","5,318,000","1,165,000","3,082,000","5,051,000","3,737,000","27,440,000","-7,752,000","16,000","-1,341,000","192,000","-22,822,000","326,000","-1,647,000","-2,228,000","18,758,000","-1,243,000","-1,878,000","-1,882,000","-2,519,000","-1,101,000","-1,587,000","-16,766,000","-10,490,000","15,840,000","1,225,000","-39,486,000","2,204,000","-3,467,000","-25,000","-3,170,000","723,000","1,496,000","-48,000","-49,175,000","-5,104,000","-6,534,000","-7,853,000","-6,753,000","-6,319,000","1,554,000","-7,282,000","7,537,000","884,000","15,543,000","10,242,000","-123,000","-7,713,000","-5,815,000","-2,802,000","-707,000","-2,841,000","-7,639,000","-1,735,000","-3,201,000","-2,262,000","1,085,000","-2,557,000","-3,653,000","-2,830,000","-9,692,000","-696,000","2,484,000","5,800,000","6,330,000","6,312,000","4,742,000","7,708,000","7,580,000","27,078,000","7,500,000","13,100,000","11,500,000","12,900,000"
TotalExpenses,"956,926,000","240,799,000","246,959,000","237,272,000","231,896,000","213,116,000","200,321,000","196,397,000","115,447,000","210,952,000","230,921,000","233,238,000","232,340,000","226,387,000","201,079,000","198,717,000","197,036,000","196,919,000","178,420,000","104,369,000","105,849,000","101,328,000","102,786,000","101,349,000","97,073,000","87,256,000","81,657,000","60,931,000","14,962,000","14,528,000","14,026,000","15,254,000","14,782,000","13,932,000","13,673,000","14,512,000","9,649,000","5,182,000","4,574,000","4,172,000","2,221,000","2,621,000","16,359,000","4,144,000","11,558,000","4,656,000","4,353,000","5,336,000","7,562,000","4,315,000","648,000","7,105,000","8,869,000","6,431,000","41,772,000","16,319,000","17,493,000","17,414,000","15,097,000","13,326,000","6,575,000","12,254,000","-1,423,000","5,024,000","-4,323,000","-3,611,000","5,511,000","9,844,000","12,416,000","6,906,000","6,432,000","5,815,000","12,357,000","5,875,000","3,588,000","2,639,000","1,869,000","3,107,000","3,653,000","2,830,000","9,692,000","2,198,000","4,884,000","2,864,000","3,269,000","2,911,000","1,910,000","2,976,000","3,075,000","3,975,000","2,800,000","1,300,000","3,400,000","2,200,000"
NetIncomeFromContinuingAndDiscontinuedOperation,"187,222,000","36,066,000","19,099,000","29,051,000","103,006,000","10,620,000","-18,469,000","-6,956,000","-78,566,000","-32,620,000","-7,672,000","-9,447,000","-14,408,000","-8,018,000","-25,314,000","-3,124,000","3,594,000","3,930,000","-13,439,000","8,555,000","1,713,000","5,342,000","9,959,000","1,302,000","2,800,000","2,239,000","23,406,000","3,018,000","-179,000","-1,725,000","-58,000","-23,076,000","57,000","-1,768,000","-859,000","19,599,000","244,000","-333,000","1,972,000","-991,000","425,000","1,815,000","-12,672,000","-38,000","9,485,000","1,380,000","-28,114,000","15,056,000","3,909,000","-4,687,000","-2,430,000","2,288,000","2,820,000","1,025,000","-68,511,000","-5,721,000","-5,186,000","-6,905,000","-6,587,000","-5,212,000","8,018,000","-12,093,000","5,816,000","199,000","3,248,000","11,683,000","2,942,000","-7,042,000","-5,651,000","-2,119,000","5,595,000","-1,718,000","-7,158,000","-760,000","-2,121,000","-1,302,000","789,000","-1,327,000","-2,644,000","-1,654,000","-7,180,000","556,000","-13,361,000","4,143,000","4,180,000","4,717,000","-104,000","4,976,000","-5,311,000","16,115,000","4,200,000","7,400,000","8,600,000","8,600,000"
NormalizedIncome,"188,521,600","36,150,000","19,825,337.889","29,552,510","103,611,120","10,772,570","-12,109,975.441","-7,405,100","-56,153,440","-25,300,290","-6,888,274.474","-9,047,690","-3,114,476.892","-4,298,081","-19,702,490","-2,631,250","2,753,719.439","2,387,214","-12,020,600","9,493,400","2,952,600","5,342,000","8,105,000","1,110,325","3,156,314","2,278,975","3,113,457.363","9,322,200","31,600","-1,977,600","-1,451,000","422,000","-944,000","-1,743,000","-2,517,000","1,821,000","387,000","-333,000","651,850","784,158.627","1,305,750","2,409,750","-7,918,733.333","650,350","9,819,750","1,948,100","922,093.643","782,000","4,004,550","-2,908,600","-1,833,300","2,678,650","4,536,565.156","1,444,153.083","-33,699,500","-5,710,600","-5,995,250","-5,656,350","-5,769,950","-4,854,500","1,656,298.261","-9,498,850","-1,135,000","-6,001,400","-3,241,600","-5,895,581.853","-331,000","-5,770,000","-5,077,400","-3,820,600","-2,985,600","-1,718,601.952","-1,138,665.967","-786,035.889","-2,121,000","-1,302,000","-1,137,600","-1,422,400","-2,644,000","-1,654,000","-7,180,000","556,000","2,518,000","4,143,000","4,579,600","4,717,000","3,749,800","5,417,600","5,887,448.94","16,599,800","4,920,000","8,180,000","6,680,000","7,520,000"
InterestIncome,,,,,,,,,,,,,,,,,,,,,,,,,,,"1,000",,"48,000","45,000","41,000","39,000","38,000","33,000","33,000","1,276,000","1,741,000","1,753,000","1,667,000","1,614,000","1,578,000","1,583,000","1,517,000","1,439,000","1,513,000","1,468,000","1,271,000","1,682,000","1,847,000","2,247,000","2,749,000","1,669,000","1,753,000","1,862,000","-672,000","333,000","488,000","835,000","939,000","981,000","5,495,000",,"1,112,000","1,209,000","657,000","433,000","375,000",,"364,000","449,000","580,000",,"43,000","48,000","-17,000","98,000",,,"118,000","134,000","436,000","1,785,000","1,534,000","1,350,000","1,599,000","1,816,000","2,157,000","2,040,000",,"1,630,000",,"1,800,000",,
InterestExpense,"61,923,000","15,118,000","15,101,000","15,535,000","16,169,000","16,048,000","17,535,000","16,422,000","16,407,000","18,746,000","18,174,000","18,776,000","19,135,000","18,135,000","16,928,000","16,291,000","16,066,000","14,743,000","14,030,000","1,885,000","2,000,000","1,683,000","1,668,000","1,689,000","1,640,000","1,457,000","1,387,000","980,000","262,000","274,000","286,000","297,000","308,000","318,000","322,000","450,000","264,000","208,000","218,000","228,000","242,000","252,000","267,000","273,000","321,000","321,000","329,000","446,000","545,000","687,000","693,000","509,000","417,000","395,000","487,000","350,000","347,000","367,000","305,000","330,000",,,"3,177,000","3,210,000","1,303,000","668,000",,,,,,,,,,,,,"20,000","23,000","24,000","23,000","97,000","24,000","24,000","24,000","24,000","24,000",,"24,000",,,,
NetInterestIncome,"-61,923,000","-15,118,000","-15,101,000","-15,535,000","-16,169,000","-16,048,000","-17,535,000","-16,422,000","-16,407,000","-18,746,000","-18,174,000","-18,776,000","-19,135,000","-18,135,000","-16,928,000","-16,291,000","-16,066,000","-14,743,000","-14,030,000","-1,885,000","-2,000,000","-1,683,000","-1,668,000","-1,689,000","-1,640,000","-1,457,000","-1,305,000","-980,000","-214,000","-229,000","-245,000","-258,000","-270,000","-285,000","-289,000","826,000","1,477,000","1,545,000","1,449,000","1,386,000","1,336,000","1,331,000","1,250,000","1,166,000","1,192,000","1,147,000","942,000","1,236,000","1,302,000","1,560,000","2,056,000","1,160,000","1,336,000","1,467,000","-1,159,000","-17,000","141,000","468,000","634,000","651,000","5,495,000",,"-2,065,000","-2,001,000","-646,000","-235,000","309,000",,"364,000","449,000","580,000",,"43,000","48,000","-17,000","98,000",,,"98,000","111,000","412,000","1,762,000","1,437,000","1,326,000","1,575,000","1,792,000","2,133,000","2,016,000",,"1,606,000",,"1,800,000",,
EBIT,"231,399,000","32,705,000","34,270,000","44,463,000","119,961,000","26,371,000","-1,114,000","9,449,000","-61,953,000","-13,822,000","10,421,000","9,529,000","3,383,000","9,466,000","1,359,000","10,945,000","20,557,000","19,892,000","3,563,000","2,389,000","2,578,000","5,318,000","6,541,000","3,082,000","5,051,000","3,755,000","27,526,000","-8,876,000","100,000","-1,296,000","228,000","-22,779,000","365,000","-1,450,000","-537,000","20,049,000","508,000","-125,000","1,955,000","-850,000","521,000","10,000","-15,168,000","-8,932,000","17,473,000","2,693,000","-38,179,000","26,478,000","-1,097,000","2,123,000","-281,000","2,371,000","3,241,000","1,806,000","-49,175,000","-5,104,000","-6,534,000","-7,853,000","-6,753,000","-6,319,000","1,554,000","-7,282,000","7,537,000","884,000","15,543,000","10,242,000","-123,000","-7,713,000","-5,815,000","-2,802,000","-707,000","-2,841,000","-7,639,000","-1,735,000","-3,201,000","-2,262,000","1,085,000","-2,557,000","-3,653,000","-2,830,000","-9,692,000","-696,000","2,484,000","5,800,000","6,330,000","6,312,000","4,742,000","7,708,000","7,580,000","27,078,000","7,500,000","13,100,000","11,500,000","12,900,000"
EBITDA,"337,181,000"
ReconciledCostOfRevenue,"621,677,000","153,558,000","159,961,000","156,338,000","151,820,000","132,219,000","123,285,000","112,641,000","50,960,000","132,081,000","145,446,000","146,278,000","145,391,000","141,397,000","129,697,000","127,887,000","129,807,000","126,841,000","112,408,000","76,893,000","78,438,000","76,002,000","76,681,000","75,509,000","73,485,000","64,657,000","61,244,000","43,568,000","8,543,000","7,514,000","7,478,000","8,903,000","8,195,000","7,339,000","7,305,000","8,168,000","3,409,000","629,000","833,000","833,000","0","0","0","0","0","0","0","0","0","0","0","0","0","0",,"936,000","2,720,000","2,605,000","1,560,000","1,277,000","3,003,000","2,036,000","1,399,000","2,035,000","3,789,000","2,255,000",,,,,,,,,,,,,,,,,,,,,,,,,,"100,000",,
ReconciledDepreciation,"105,782,000","26,276,000","26,350,000","26,474,000","26,682,000","27,186,000","29,793,000","31,551,000","31,930,000","31,156,000","29,740,000","29,611,000","29,976,000","27,265,000","23,035,000","23,330,000","22,854,000","25,237,000","19,287,000","7,539,000","7,408,000","6,552,000","7,644,000","7,223,000","6,847,000","5,792,000","3,939,000","5,100,000","880,000","879,000","900,000","896,000","864,000","853,000","797,000","946,000","725,000","521,000","604,000","493,000","316,000","318,000","397,000","316,000","9,272,000","2,000,000","2,848,000","2,850,000","2,851,000","2,850,000","2,855,000","2,693,000","2,596,000","2,552,000","1,342,000","1,961,000","1,955,000","1,934,000","1,928,000","1,391,000","275,000","406,000","909,000","5,000","702,000","434,000","-59,000","192,000","244,000","92,000","142,000","163,000","150,000","143,000","153,000","135,000","131,000","128,000","132,000","131,000","119,000","99,000","346,000","323,000","329,000","331,000","332,000","329,000","328,000","1,921,000","500,000","400,000","500,000","500,000"
NetIncomeFromContinuingOperationNetMinorityInterest,"187,222,000","36,066,000","19,099,000","29,051,000","103,006,000","10,620,000","-18,469,000","-6,956,000","-78,566,000","-32,620,000","-7,672,000","-9,447,000","-14,408,000","-8,018,000","-25,314,000","-3,124,000","3,594,000","3,930,000","-13,439,000","8,555,000","1,713,000","5,342,000","9,959,000","1,302,000","2,800,000","2,239,000","23,406,000","3,018,000","-179,000","-1,725,000","-58,000","-23,076,000","57,000","-1,768,000","-859,000","19,599,000","244,000","-333,000","1,972,000","-991,000","425,000","1,815,000","-12,672,000","-38,000","9,485,000","1,380,000","-28,114,000","15,056,000","3,909,000","-4,687,000","-2,430,000","2,288,000","2,820,000","1,025,000","-60,213,000","-5,721,000","-5,186,000","-6,905,000","-6,587,000","-5,212,000","8,018,000","-12,093,000","5,816,000","199,000","3,248,000","11,683,000","2,942,000","-7,042,000","-5,651,000","-2,119,000","5,595,000","-1,718,000","-7,158,000","-760,000","-2,121,000","-1,302,000","789,000","-1,327,000","-2,644,000","-1,654,000","-7,180,000","556,000","-13,361,000","4,143,000","4,180,000","4,717,000","-104,000","4,976,000","-5,311,000","16,115,000","4,200,000","7,400,000","8,600,000","8,600,000"
TotalUnusualItemsExcludingGoodwill,"-2,166,000","-140,000","-729,000","-687,000","-610,000","-209,000","-6,421,000","450,000","-22,480,000","-10,027,000","-792,000","-547,000","-12,347,000","-4,039,000","-7,687,000","-675,000","1,050,000","2,022,000","-2,364,000","-1,564,000","-2,066,000","0","3,090,000","205,000","-434,000","-41,000","22,662,000","-10,507,000","-351,000","421,000","1,393,000","-23,498,000","1,001,000","-25,000","1,658,000","17,778,000","-143,000","0","2,031,000","-1,931,000","-1,355,000","-915,000","-5,781,000","-1,059,000","-515,000","-874,000","-39,771,000","21,960,000","-147,000","-2,736,000","-918,000","-601,000","-1,719,000","-577,000","-40,790,000","-16,000","1,245,000","-1,921,000","-1,257,000","-550,000","6,691,000","-3,991,000","11,585,000","10,334,000","10,816,000","21,229,000","5,455,000","-2,120,000","-956,000","2,836,000","14,301,000","1,000","-6,407,000","42,000","0","0","3,211,000","159,000","0","0","0","0","-26,465,000","0","-666,000","0","-6,423,000","-736,000","-18,397,000","-808,000","-1,200,000","-1,300,000","3,200,000","1,800,000"
TotalUnusualItems,"-2,166,000","-140,000","-729,000","-687,000","-610,000","-209,000","-6,421,000","450,000","-22,480,000","-10,027,000","-792,000","-547,000","-12,347,000","-4,039,000","-7,687,000","-675,000","1,050,000","2,022,000","-2,364,000","-1,564,000","-2,066,000","0","3,090,000","205,000","-434,000","-41,000","22,662,000","-10,507,000","-351,000","421,000","1,393,000","-23,498,000","1,001,000","-25,000","1,658,000","17,778,000","-143,000","0","2,031,000","-1,931,000","-1,355,000","-915,000","-5,781,000","-1,059,000","-515,000","-874,000","-39,771,000","21,960,000","-147,000","-2,736,000","-918,000","-601,000","-1,719,000","-577,000","-40,790,000","-16,000","1,245,000","-1,921,000","-1,257,000","-550,000","6,691,000","-3,991,000","11,585,000","10,334,000","10,816,000","21,229,000","5,455,000","-2,120,000","-956,000","2,836,000","14,301,000","1,000","-6,407,000","42,000","0","0","3,211,000","159,000","0","0","0","0","-26,465,000","0","-666,000","0","-6,423,000","-736,000","-18,397,000","-808,000","-1,200,000","-1,300,000","3,200,000","1,800,000"
NormalizedEBITDA,"339,347,000","59,121,000","61,349,000","71,624,000","147,253,000","53,766,000","35,100,000","40,550,000","-7,543,000","27,361,000","40,953,000","39,687,000","45,706,000","40,770,000","32,081,000","34,950,000","42,361,000","43,107,000","25,214,000","11,492,000","12,052,000","11,870,000","11,095,000","10,100,000","12,332,000","9,588,000","8,803,000","6,731,000","1,331,000","-838,000","-265,000","1,615,000","228,000","-572,000","-1,398,000","3,217,000","1,376,000","396,000","528,000","1,574,000","2,192,000","1,243,000","-8,990,000","-7,557,000","27,260,000","5,567,000","4,440,000","7,368,000","1,901,000","7,709,000","3,492,000","5,665,000","7,556,000","4,935,000","-6,852,000","-3,127,000","-5,824,000","-3,998,000","-3,568,000","-4,378,000","-4,862,000","-2,885,000","-3,139,000","-9,147,000","5,429,000","-10,553,000","-5,446,000","-5,401,000","-4,615,000","-5,546,000","-14,866,000","-2,679,000","-1,082,000","-1,634,000","-3,048,000","-2,127,000","-1,995,000","-2,588,000","-3,521,000","-2,699,000","-9,572,000","-597,000","29,295,000","6,123,000","7,325,000","6,643,000","11,497,000","8,773,000","26,305,000","29,807,000","9,200,000","14,800,000","8,800,000","11,600,000"
TaxRateForCalcs,"0.4","0.4","0.004","0.27","0.008","0.27","0.01","0.002","0.003","0.27","0.01","0.27","0.085","0.079","0.27","0.27","0.2","0.237","0.4","0.4","0.4","0.4","0.4","0.065","0.179","0.025","0.105","0.4","0.4","0.4","0","0","0","0","0","0","0","0","0.35","0.081","0.35","0.35","0.178","0.35","0.35","0.35","0.27","0.35","0.35","0.35","0.35","0.35","0.001","0.274","0.35","0.35","0.35","0.35","0.35","0.35","0.049","0.35","0.4","0.4","0.4","0.172","0.4","0.4","0.4","0.4","0.4","0.398","0.061","0.38","0.35","0.4","0.4","0.4","0.285","0.4","0.235","0.4","0.4","0.4","0.4","0.4","0.4","0.4","0.391","0.4","0.4","0.4","0.4","0.4"
TaxEffectOfUnusualItems,"-866,400","-56,000","-2,662.111","-185,490","-4,880","-56,430","-61,975.441","900","-67,440","-2,707,290","-8,274.474","-147,690","-1,053,476.892","-319,081","-2,075,490","-182,250","209,719.439","479,214","-945,600","-625,600","-826,400","0","1,236,000","13,325","-77,686","-1,025","2,369,457.363","-4,202,800","-140,400","168,400","0","0","0","0","0","0","0","0","710,850","-155,841.373","-474,250","-320,250","-1,027,733.333","-370,650","-180,250","-305,900","-10,734,906.357","7,686,000","-51,450","-957,600","-321,300","-210,350","-2,434.844","-157,846.917","-14,276,500","-5,600","435,750","-672,350","-439,950","-192,500","329,298.261","-1,396,850","4,634,000","4,133,600","4,326,400","3,650,418.147","2,182,000","-848,000","-382,400","1,134,400","5,720,400","398.048","-387,665.967","15,964.111","0","0","1,284,400","63,600","0","0","0","0","-10,586,000","0","-266,400","0","-2,569,200","-294,400","-7,198,551.06","-323,200","-480,000","-520,000","1,280,000","720,000"