name,ttm,03/31/2022,12/31/2021,09/30/2021,06/30/2021,03/31/2021,12/31/2020,09/30/2020,06/30/2020,03/31/2020,12/31/2019,09/30/2019,06/30/2019,03/31/2019,12/31/2018,09/30/2018,06/30/2018,03/31/2018,12/31/2017,09/30/2017,06/30/2017,03/31/2017,12/31/2016,09/30/2016,06/30/2016,03/31/2016,12/31/2015,09/30/2015,06/30/2015,03/31/2015,12/31/2014,09/30/2014,06/30/2014,03/31/2014
TotalRevenue,"293,724,000","67,681,000","73,240,000","74,710,000","78,093,000","67,968,000","73,234,000","64,831,000","31,558,000","55,336,000","65,849,000","58,509,000","58,600,000","54,026,000","54,076,000","43,908,000","43,161,000","40,133,000","41,650,000","40,412,000","41,285,000","35,907,000","33,172,000","29,577,000","28,556,000","23,092,000","20,276,000","19,004,000","17,754,000","14,666,000","14,113,000","12,126,000","11,099,000","8,249,000"
	OperatingRevenue,"293,724,000","67,681,000","73,240,000","74,710,000","78,093,000","67,968,000","73,234,000","64,831,000","31,558,000","55,336,000","65,849,000","58,509,000","58,600,000","54,026,000","54,076,000","43,908,000","43,161,000","40,133,000","41,650,000","40,412,000","41,285,000","35,907,000","33,172,000","29,577,000","28,556,000","23,092,000","20,276,000","19,004,000","17,754,000","14,666,000","14,113,000","12,126,000","11,099,000","8,249,000"
CostOfRevenue,"67,057,000","17,063,000","16,865,000","15,370,000","17,759,000","16,633,000","19,590,000","17,932,000","21,668,000","32,529,000","15,904,000","7,703,000","7,870,000","7,111,000","7,118,000","6,011,000","6,160,000","5,786,000","4,630,000","5,718,000","5,522,000","5,180,000","4,811,000","3,886,000","4,359,000","3,121,000","3,594,000","3,319,000","3,281,000","2,794,000","4,889,000","2,246,000","2,339,000","1,944,000"
GrossProfit,"226,667,000","50,618,000","56,375,000","59,340,000","60,334,000","51,335,000","53,644,000","46,899,000","9,890,000","22,807,000","49,945,000","50,806,000","50,730,000","46,915,000","46,958,000","37,897,000","37,001,000","34,347,000","37,020,000","34,694,000","35,763,000","30,727,000","28,361,000","25,691,000","24,197,000","19,971,000","16,682,000","15,685,000","14,473,000","11,872,000","9,224,000","9,880,000","8,760,000","6,305,000"
OperatingExpense,"287,942,000","70,826,000","74,244,000","73,316,000","69,556,000","63,140,000","65,036,000","59,251,000","57,087,000","75,419,000","79,642,000","61,721,000","54,725,000","48,855,000","45,061,000","44,834,000","41,249,000","38,061,000","36,488,000","33,946,000","34,308,000","30,423,000","27,893,000","24,661,000","22,075,000","19,350,000","18,687,000","17,410,000","19,855,000","13,056,000","14,243,000","11,762,000","11,004,000","10,331,000"
	SellingGeneralAndAdministration,"181,285,000","43,949,000","47,566,000","44,470,000","45,300,000","41,921,000","43,792,000","38,947,000","38,116,000","50,546,000","59,611,000","44,443,000","37,656,000","34,925,000","32,104,000","31,632,000","28,638,000","27,155,000","25,963,000","24,141,000","24,675,000","21,481,000","20,494,000","16,854,000","15,120,000","12,288,000","12,392,000","11,237,000","12,516,000","7,816,000","8,935,000","6,669,000","6,582,000","5,948,000"
	ResearchAndDevelopment,"106,657,000","26,877,000","26,678,000","28,846,000","24,256,000","21,219,000","21,244,000","20,304,000","18,971,000","24,873,000","20,031,000","17,278,000","17,069,000","13,930,000","12,957,000","13,202,000","12,611,000","10,906,000","10,525,000","9,805,000","9,633,000","8,942,000","7,399,000","7,807,000","6,955,000","7,062,000","6,295,000","6,173,000","7,339,000","5,240,000","5,308,000","5,093,000","4,422,000","4,383,000"
OperatingIncome,"-61,275,000","-20,208,000","-17,869,000","-13,976,000","-9,222,000","-11,805,000","-11,392,000","-12,352,000","-47,197,000","-52,612,000","-29,697,000","-10,915,000","-3,995,000","-1,940,000","1,897,000","-6,937,000","-4,248,000","-3,714,000","532,000","748,000","1,455,000","304,000","468,000","1,030,000","2,122,000","621,000","-2,005,000","-1,725,000","-5,382,000","-1,184,000","-5,019,000","-1,882,000","-2,244,000","-4,026,000"
NetNonOperatingInterestIncomeExpense,"-12,367,000","-3,129,000","-3,152,000","-3,122,000","-2,964,000","-2,846,000","-5,132,000","-5,137,000","-1,282,000","-185,000","277,000","-248,000","-213,000","788,000","684,000","583,000","505,000","1,008,000","437,000","630,000","586,000","629,000","-431,000","269,000","210,000","233,000","-250,000","-168,000","-293,000","-269,000","-220,000","-218,000","-218,000","-217,000"
	InterestIncomeNonOperating,"1,192,000","287,000","272,000","291,000","342,000","383,000","498,000","595,000","590,000","696,000","801,000","780,000","800,000","788,000","684,000","583,000","505,000","1,016,000","434,000","658,000","598,000","636,000","-46,000","314,000","286,000","335,000","72,000","10,000","0","0","1,000","0","1,000","2,000"
	InterestExpenseNonOperating,"13,559,000","3,416,000","3,424,000","3,413,000","3,306,000","3,229,000","5,630,000","5,732,000","1,872,000","881,000","524,000","1,028,000","1,013,000",,,,,"8,000","-3,000","28,000","12,000","7,000","385,000","45,000","76,000","102,000","322,000","178,000","293,000","269,000","221,000","218,000","219,000","219,000"
	TotalOtherFinanceCost,,,,,,,,,,,,,,,,,"-505,000","-1,008,000","-437,000","-630,000","-586,000","-629,000","431,000","-269,000","-210,000","-233,000","250,000","168,000","293,000",,,,"218,000",
OtherIncomeExpense,"46,268,000","29,040,000","-1,214,000","23,530,000","-5,088,000","-1,539,000","2,633,000","852,000","1,201,000","-1,711,000","160,000","-2,156,000","-2,029,000","-68,000","-272,000","-230,000","-1,644,000",,"0","0","-5,320,000","0","0","0","0","43,000","-2,000","-164,000","-26,837,000","-9,000","-3,000","134,000","-32,000","-94,000"
	GainOnSaleOfSecurity,,,,,,,,,,,,,,,,,,,,,,,"0",,,"43,000","-2,000","31,000","-1,152,000","-9,000","-3,000","134,000","-32,000","-94,000"
	SpecialIncomeCharges,"50,000,000","30,000,000","0","25,000,000","-5,000,000",,"0","0","0",,"0","-1,500,000","-2,245,000",,"0","0","0",,"0","0","-5,320,000",,"0",,"0",,"0","-195,000","-25,685,000",,,"0","0",
		OtherSpecialCharges,,"-30,000,000","0","-25,000,000","5,000,000",,,,,,"0","1,500,000","2,245,000",,,,,,"0",,"5,320,000",,,,,,"0","195,000",,,,,,
		GainOnSaleOfBusiness,,,,,,,,,,,,,,,,,,,,,,,"0",,"0",,"0","0","-25,685,000",,,"0","0",
	OtherNonOperatingIncomeExpenses,"-3,732,000","-960,000","-1,214,000","-1,470,000","-88,000","-1,539,000","2,633,000","852,000","1,201,000","-1,711,000","160,000","-656,000","216,000","-68,000","-272,000","-230,000","-1,644,000",,,,,,,,,,,,,,,,,
PretaxIncome,"-27,374,000","5,703,000","-22,235,000","6,432,000","-17,274,000","-16,190,000","-13,891,000","-16,637,000","-47,278,000","-54,508,000","-29,260,000","-13,319,000","-6,237,000","-1,220,000","2,309,000","-6,584,000","-5,387,000","-2,706,000","969,000","1,378,000","-3,279,000","933,000","37,000","1,299,000","2,332,000","897,000","-2,257,000","-2,057,000","-32,512,000","-1,462,000","-5,242,000","-1,966,000","-2,494,000","-4,337,000"
TaxProvision,"373,000","326,000","-363,000","202,000","208,000","279,000","-3,243,000","-889,000","-7,384,000","-450,000","-65,841,000","187,000","72,000","122,000","530,000","37,000","11,000","5,000","-37,000","53,000","22,000","55,000","-97,000","140,000","0","0","33,000","0","0","0","11,000","5,000","0","2,000"
NetIncomeCommonStockholders,"-27,747,000","5,377,000","-21,872,000","6,230,000","-17,482,000","-16,469,000","-10,648,000","-15,748,000","-39,894,000","-54,058,000","36,581,000","-13,506,000","-6,309,000","-1,342,000","1,779,000","-6,621,000","-5,398,000","-2,711,000","1,006,000","1,325,000","-3,301,000","878,000","134,000","1,159,000","2,332,000","897,000","-2,290,000","-2,057,000","-31,928,000","-966,000","-4,606,000","-1,489,000","-2,074,000","-3,957,000"
	NetIncome,"-27,747,000","5,377,000","-21,872,000","6,230,000","-17,482,000","-16,469,000","-10,648,000","-15,748,000","-39,894,000","-54,058,000","36,581,000","-13,506,000","-6,309,000","-1,342,000","1,779,000","-6,621,000","-5,398,000","-2,711,000","1,006,000","1,325,000","-3,301,000","878,000","134,000","1,159,000","2,332,000","897,000","-2,290,000","-2,057,000","-31,928,000","-966,000","-4,606,000","-1,489,000","-2,074,000","-3,957,000"
		NetIncomeIncludingNoncontrollingInterests,"-27,747,000","5,377,000","-21,872,000","6,230,000","-17,482,000","-16,469,000","-10,648,000","-15,748,000","-39,894,000","-54,058,000","36,581,000","-13,506,000","-6,309,000","-1,342,000","1,779,000","-6,621,000","-5,398,000","-2,711,000","1,006,000","1,325,000","-3,301,000","878,000","134,000","1,159,000","2,332,000","897,000","-2,290,000","-2,057,000","-32,512,000","-1,462,000","-5,253,000","-1,971,000","-2,494,000","-4,339,000"
			NetIncomeContinuousOperations,"-27,747,000","5,377,000","-21,872,000","6,230,000","-17,482,000","-16,469,000","-10,648,000","-15,748,000","-39,894,000","-54,058,000","36,581,000","-13,506,000","-6,309,000","-1,342,000","1,779,000","-6,621,000","-5,398,000","-2,711,000","1,006,000","1,325,000","-3,301,000","878,000","134,000","1,159,000","2,332,000","897,000","-2,290,000","-2,057,000","-32,512,000","-1,462,000","-5,253,000","-1,971,000","-2,494,000","-4,339,000"
		MinorityInterests,,,,,,,,,,,,,,,,,,,,,,,"0",,"0","0","0","0","584,000","496,000","647,000","482,000","420,000","382,000"
	OtherunderPreferredStockDividend,,,,,,,,,,,,,,,,,,,,,,,,,,,,,,"25,101,000",,,,
AverageDilutionEarnings,,,,,,,,,,,,,,,,,,,,,,,,"0",,,,,,,,,,
DilutedNIAvailtoComStockholders,"-27,747,000","5,377,000","-21,872,000","6,230,000","-17,482,000","-16,469,000","-10,648,000","-15,748,000","-39,894,000","-54,058,000","36,581,000","-13,506,000","-6,309,000","-1,342,000","1,779,000","-6,621,000","-5,398,000","-2,711,000","1,006,000","1,325,000","-3,301,000","878,000","134,000","1,159,000","2,332,000","897,000","-2,290,000","-2,057,000","-31,928,000","-966,000","-4,606,000","-1,489,000","-2,074,000","-3,957,000"
BasicEPS,,"0.11","-0.47","0.13","-0.38","-0.36","-0.24","-0.35","-0.9","-1.24","0.92","-0.37","-0.17","-0.04","0.05","-0.19","-0.15","-0.08","0.03","0.04","-0.1","0.03","0.004","0.03","0.07","0.03","-0.07","-0.06","-10.96","-1.05",,"-0.06","-0.083","-0.159"
DilutedEPS,,"0.11","-0.47","0.13","-0.38","-0.36","-0.24","-0.35","-0.9","-1.24","0.84","-0.37","-0.17","-0.04","0.04","-0.19","-0.15","-0.08","0.03","0.04","-0.1","0.02","0.004","0.03","0.06","0.03","-0.07","-0.07","-10.96","-1.05",,"-0.06","-0.083","-0.159"
BasicAverageShares,,"47,050,000","46,922,000","46,737,000","46,306,000","45,709,000","45,054,000","44,706,000","44,335,000","43,766,000","39,840,000","36,831,000","36,470,000","36,205,000","36,037,000","35,541,000","34,942,000","34,677,000","34,578,000","34,472,000","34,322,000","34,146,000","33,634,000","33,116,000","32,652,000","32,317,000","32,082,000","32,006,000","2,912,000","24,885,000",,"24,885,000","24,885,000","24,885,000"
DilutedAverageShares,,"49,506,000","46,922,000","49,320,000","46,306,000","45,709,000","45,054,000","44,706,000","44,335,000","43,766,000","43,365,000","36,831,000","36,470,000","36,205,000","39,564,000","35,541,000","34,942,000","34,677,000","37,287,000","37,654,000","34,322,000","37,742,000","37,185,000","37,023,000","36,182,000","35,724,000","32,082,000","32,013,000","2,912,000","24,885,000",,"24,885,000","24,885,000","24,885,000"
TotalOperatingIncomeAsReported,"-11,275,000","9,792,000","-17,869,000","11,024,000","-14,222,000","-11,805,000","-11,392,000","-12,352,000","-47,197,000","-52,612,000","-29,697,000","-12,415,000","-6,240,000","-1,940,000","1,897,000","-6,937,000","-4,248,000","-3,714,000","532,000","748,000","-3,865,000","304,000","468,000","1,030,000","2,122,000","621,000","-2,005,000","-1,725,000","-5,382,000","-1,184,000","-5,019,000","-1,882,000","-2,244,000","-4,026,000"
TotalExpenses,"354,999,000","87,889,000","91,109,000","88,686,000","87,315,000","79,773,000","84,626,000","77,183,000","78,755,000","107,948,000","95,546,000","69,424,000","62,595,000","55,966,000","52,179,000","50,845,000","47,409,000","43,847,000","41,118,000","39,664,000","39,830,000","35,603,000","32,704,000","28,547,000","26,434,000","22,471,000","22,281,000","20,729,000","23,136,000","15,850,000","19,132,000","14,008,000","13,343,000","12,275,000"
NetIncomeFromContinuingAndDiscontinuedOperation,"-27,747,000","5,377,000","-21,872,000","6,230,000","-17,482,000","-16,469,000","-10,648,000","-15,748,000","-39,894,000","-54,058,000","36,581,000","-13,506,000","-6,309,000","-1,342,000","1,779,000","-6,621,000","-5,398,000","-2,711,000","1,006,000","1,325,000","-3,301,000","878,000","134,000","1,159,000","2,332,000","897,000","-2,290,000","-2,057,000","-31,928,000","-966,000","-4,606,000","-1,489,000","-2,074,000","-3,957,000"
NormalizedIncome,"-57,747,000","-22,907,000","-21,872,000","-17,985,000","-13,832,000","-16,469,000","-10,648,000","-15,748,000","-39,894,000","-54,058,000","36,581,000","-12,411,000","-4,670,150","-1,342,000","1,779,000","-6,621,000","-5,398,000","-2,711,000","1,006,000","1,325,000","1,981,760","878,000","134,000","1,159,000","2,332,000","854,000","-2,288,800","-1,893,000","-5,091,000","-957,000","-4,604,050","-1,576,100","-2,042,000","-3,895,900"
InterestIncome,"1,192,000","287,000","272,000","291,000","342,000","383,000","498,000","595,000","590,000","696,000","801,000","780,000","800,000","788,000","684,000","583,000","505,000","1,016,000","434,000","658,000","598,000","636,000","-46,000","314,000","286,000","335,000","72,000","10,000","0","0","1,000","0","1,000","2,000"
InterestExpense,"13,559,000","3,416,000","3,424,000","3,413,000","3,306,000","3,229,000","5,630,000","5,732,000","1,872,000","881,000","524,000","1,028,000","1,013,000",,,,,"8,000","-3,000","28,000","12,000","7,000","385,000","45,000","76,000","102,000","322,000","178,000","293,000","269,000","221,000","218,000","219,000","219,000"
NetInterestIncome,"-12,367,000","-3,129,000","-3,152,000","-3,122,000","-2,964,000","-2,846,000","-5,132,000","-5,137,000","-1,282,000","-185,000","277,000","-248,000","-213,000","788,000","684,000","583,000","505,000","1,008,000","437,000","630,000","586,000","629,000","-431,000","269,000","210,000","233,000","-250,000","-168,000","-293,000","-269,000","-220,000","-218,000","-218,000","-217,000"
EBIT,"-13,815,000","9,119,000","-18,811,000","9,845,000","-13,968,000","-12,961,000","-8,261,000","-10,905,000","-45,406,000","-53,627,000","-28,736,000","-12,291,000","-5,224,000","-1,940,000","1,897,000","-6,937,000","-4,248,000","-2,698,000","966,000","1,406,000","-3,267,000","940,000","422,000","1,344,000","2,408,000","999,000","-1,935,000","-1,879,000","-32,219,000","-1,193,000","-5,021,000","-1,748,000","-2,275,000","-4,118,000"
EBITDA,"20,939,000"
ReconciledCostOfRevenue,"67,057,000","17,063,000","16,865,000","15,370,000","17,759,000","16,633,000","19,590,000","17,932,000","21,668,000","32,529,000","15,904,000","7,703,000","7,870,000","7,111,000","7,118,000","6,011,000","6,160,000","5,786,000","4,630,000","5,718,000","5,522,000","5,180,000","4,811,000","3,886,000","4,359,000","3,121,000","3,594,000","3,319,000","3,281,000","2,794,000","4,889,000","2,246,000","2,339,000","1,944,000"
ReconciledDepreciation,"34,754,000","8,881,000","8,743,000","8,622,000","8,508,000","8,548,000","8,796,000","8,596,000","8,600,000","8,621,000","4,784,000","1,955,000","1,882,000","1,242,000","1,201,000","1,702,000","1,696,000","1,665,000","1,541,000","1,513,000","1,419,000","1,009,000","1,312,000","1,155,000","1,133,000","1,122,000","1,068,000","1,056,000","1,072,000","1,071,000","1,066,000","1,057,000","1,052,000","1,056,000"
NetIncomeFromContinuingOperationNetMinorityInterest,"-27,747,000","5,377,000","-21,872,000","6,230,000","-17,482,000","-16,469,000","-10,648,000","-15,748,000","-39,894,000","-54,058,000","36,581,000","-13,506,000","-6,309,000","-1,342,000","1,779,000","-6,621,000","-5,398,000","-2,711,000","1,006,000","1,325,000","-3,301,000","878,000","134,000","1,159,000","2,332,000","897,000","-2,290,000","-2,057,000","-31,928,000","-966,000","-4,606,000","-1,489,000","-2,074,000","-3,957,000"
TotalUnusualItemsExcludingGoodwill,"50,000,000","30,000,000","0","25,000,000","-5,000,000",,"0","0","0",,"0","-1,500,000","-2,245,000",,"0","0","0",,"0","0","-5,320,000",,"0",,"0","43,000","-2,000","-164,000","-26,837,000","-9,000","-3,000","134,000","-32,000","-94,000"
TotalUnusualItems,"50,000,000","30,000,000","0","25,000,000","-5,000,000",,"0","0","0",,"0","-1,500,000","-2,245,000",,"0","0","0",,"0","0","-5,320,000",,"0",,"0","43,000","-2,000","-164,000","-26,837,000","-9,000","-3,000","134,000","-32,000","-94,000"
NormalizedEBITDA,"-29,061,000","-12,000,000","-10,068,000","-6,533,000","-460,000","-4,413,000","535,000","-2,309,000","-36,806,000","-45,006,000","-23,952,000","-8,836,000","-1,097,000","-698,000","3,098,000","-5,235,000","-2,552,000","-1,033,000","2,507,000","2,919,000","3,472,000","1,949,000","1,734,000","2,499,000","3,541,000","2,078,000","-865,000","-659,000","-4,310,000","-113,000","-3,952,000","-825,000","-1,191,000","-2,968,000"
TaxRateForCalcs,"0.4","0.057","0.016","0.031","0.27","0.27","0.233","0.053","0.156","0.008","0.27","0.27","0.27","0.27","0.23","0.27","0.002","0.002","0.4","0.038","0.007","0.059","0.4","0.108","0","0","0.4","0","0","0","0.35","0.35","0","0.35"
TaxEffectOfUnusualItems,"20,000,000","1,716,000","0","785,000","-1,350,000","0","0","0","0","0","0","-405,000","-606,150","0","0","0","0","0","0","0","-37,240","0","0","0","0","0","-800","0","0","0","-1,050","46,900","0","-32,900"