name,ttm,03/31/2022,12/31/2021,09/30/2021,06/30/2021,03/31/2021,12/31/2020,09/30/2020,06/30/2020,03/31/2020,12/31/2019,09/30/2019,06/30/2019,03/31/2019,12/31/2018,09/30/2018,06/30/2018,03/31/2018,12/31/2017,09/30/2017,06/30/2017,03/31/2017,12/31/2016,09/30/2016,06/30/2016,03/31/2016,12/31/2015,09/30/2015,06/30/2015,03/31/2015,12/31/2014,09/30/2014,06/30/2014,03/31/2014,12/31/2013,09/30/2013,06/30/2013,03/31/2013,12/31/2012,09/30/2012,06/30/2012,03/31/2012,12/31/2011,09/30/2011,06/30/2011,03/31/2011,12/31/2010
TotalRevenue,"354,597,000","92,750,000","92,300,000","87,172,000","82,375,000","73,869,000","77,634,000","66,525,000","96,640,000","184,475,000","221,310,000","201,182,000","213,685,000","199,549,000","217,224,000","217,257,000","227,458,000","231,825,000","188,010,000","172,874,000","172,800,000","165,406,000","159,998,000","147,267,000","147,539,000","141,746,000","137,779,000","126,407,000","121,191,000","115,511,000","109,233,000","104,035,000","99,529,000","95,694,000","92,554,000","85,379,000","79,437,000","70,754,000","63,523,000","57,840,000","57,879,000","54,273,000","46,383,000","40,833,000","38,461,000","34,479,000","34,559,000"
	OperatingRevenue,"354,597,000","92,750,000","92,300,000","87,172,000","82,375,000","73,869,000","77,634,000","66,525,000","96,640,000","184,475,000","221,310,000","201,182,000","213,685,000","199,549,000","217,224,000","217,257,000","227,458,000","231,825,000","188,010,000","172,874,000","172,800,000","165,406,000","159,998,000","147,267,000","147,539,000","141,746,000","137,779,000","126,407,000","121,191,000","115,511,000","109,233,000","104,035,000","99,529,000","95,694,000","92,554,000","85,379,000","79,437,000","70,754,000","63,523,000","57,840,000","57,879,000","54,273,000","46,383,000","40,833,000","38,461,000","34,479,000","34,559,000"
CostOfRevenue,"108,733,000","28,915,000","28,356,000","25,353,000","26,109,000","22,377,000","27,527,000","20,178,000","57,599,000","96,795,000","124,938,000","102,721,000","107,065,000","97,852,000","125,210,000","123,436,000","138,000,000","127,240,000","83,471,000","83,180,000","83,776,000","76,461,000","73,361,000","66,892,000","65,873,000","68,602,000","63,580,000","55,221,000","54,555,000","55,005,000","54,999,000","54,653,000","50,194,000","49,614,000","50,311,000","44,805,000","39,183,000","33,699,000","31,984,000","29,333,000","26,521,000","25,302,000","23,095,000","18,941,000","18,680,000","17,129,000","18,549,000"
GrossProfit,"245,864,000","63,835,000","63,944,000","61,819,000","56,266,000","51,492,000","50,107,000","46,347,000","39,041,000","87,680,000","96,372,000","98,461,000","106,620,000","101,697,000","92,014,000","93,821,000","89,458,000","104,585,000","104,539,000","89,694,000","89,024,000","88,945,000","86,637,000","80,375,000","81,666,000","73,144,000","74,199,000","71,186,000","66,636,000","60,506,000","54,234,000","49,382,000","49,335,000","46,080,000","42,243,000","40,574,000","40,254,000","37,055,000","31,539,000","28,507,000","31,358,000","28,971,000","23,288,000","21,892,000","19,781,000","17,350,000","16,010,000"
OperatingExpense,"118,069,000","28,886,000","31,617,000","30,906,000","26,660,000","23,712,000","34,411,000","24,127,000","92,484,000","92,351,000","87,980,000","91,243,000","96,954,000","90,249,000","101,705,000","101,431,000","96,907,000","106,756,000","118,966,000","107,495,000","106,360,000","103,643,000","88,812,000","89,149,000","88,762,000","81,736,000","89,120,000","82,749,000","75,204,000","70,296,000","69,422,000","65,753,000","60,213,000","55,400,000","56,650,000","51,472,000","52,298,000","47,355,000","41,161,000","37,139,000","36,233,000","33,279,000","30,635,000","30,541,000","26,884,000","28,075,000","26,547,000"
	SellingGeneralAndAdministration,"78,126,000","19,689,000","21,077,000","20,788,000","16,572,000","14,102,000","22,500,000","16,297,000","28,385,000","36,818,000","31,078,000","33,074,000","40,075,000","34,772,000","36,649,000","38,823,000","36,560,000","41,060,000","40,273,000","40,358,000","40,113,000","36,944,000","34,700,000","36,535,000","39,138,000","35,731,000","32,193,000","39,158,000","37,111,000","34,434,000","33,517,000","32,544,000","29,542,000","25,614,000","28,612,000","26,486,000","26,256,000","21,225,000","20,034,000","18,744,000","19,333,000","17,440,000","17,449,000","15,822,000","13,388,000","14,558,000","13,491,000"
		GeneralAndAdministrativeExpense,"54,639,000","13,458,000","14,185,000","15,250,000","11,746,000","10,373,000","18,089,000","12,539,000","22,505,000","27,166,000","19,568,000","20,740,000","27,081,000","22,454,000","23,117,000","24,860,000","21,133,000","25,159,000","23,509,000","24,064,000","23,549,000","22,549,000","19,889,000","21,661,000","22,388,000","20,989,000","10,101,000","26,813,000","25,646,000","24,193,000","22,975,000","22,190,000","19,855,000","17,572,000","19,313,000","18,878,000","19,196,000","14,595,000","13,124,000","11,896,000","12,383,000","11,650,000","10,047,000","9,504,000","7,693,000","8,857,000","7,873,000"
			OtherGandA,"54,639,000","13,458,000","14,185,000","15,250,000","11,746,000","10,373,000","18,089,000","12,539,000","22,505,000","27,166,000","19,568,000","20,740,000","27,081,000","22,454,000","23,117,000","24,860,000","21,133,000","25,159,000","23,509,000","24,064,000","23,549,000","22,549,000","19,889,000","21,661,000","22,388,000","20,989,000","10,101,000","26,813,000","25,646,000","24,193,000","22,975,000","22,190,000","19,855,000","17,572,000","19,313,000","18,878,000","19,196,000","14,595,000","13,124,000","11,896,000","12,383,000","11,650,000","10,047,000","9,504,000","7,693,000","8,857,000","7,873,000"
		SellingAndMarketingExpense,"23,487,000","6,231,000","6,892,000","5,538,000","4,826,000","3,729,000","4,411,000","3,758,000","5,880,000","9,652,000","11,510,000","12,334,000","12,994,000","12,318,000","13,532,000","13,963,000","15,427,000","15,901,000","16,764,000","16,294,000","16,564,000","14,395,000","14,811,000","14,874,000","16,750,000","14,742,000","22,092,000","12,345,000","11,465,000","10,241,000","10,542,000","10,354,000","9,687,000","8,042,000","9,299,000","7,608,000","7,060,000","6,630,000","6,910,000","6,848,000","6,950,000","5,790,000","7,402,000","6,318,000","5,695,000","5,701,000","5,618,000"
	ResearchAndDevelopment,"24,787,000","5,406,000","6,882,000","5,958,000","6,541,000","5,493,000","7,862,000","4,510,000","15,409,000","22,863,000","28,093,000","28,877,000","26,912,000","24,728,000","31,886,000","30,018,000","28,409,000","29,777,000","30,024,000","31,313,000","35,685,000","36,264,000","24,512,000","25,835,000","24,718,000","21,648,000","31,705,000","21,367,000","17,280,000","17,085,000","19,039,000","16,193,000","15,789,000","14,099,000","13,747,000","11,322,000","12,333,000","12,285,000","10,913,000","9,129,000","7,738,000","7,574,000","4,943,000","6,668,000","5,233,000","5,401,000","4,739,000"
	DepreciationAmortizationDepletionIncomeStatement,"15,156,000","3,791,000","3,658,000","4,160,000","3,547,000","4,117,000","4,049,000","3,320,000","48,690,000","32,670,000","28,809,000","29,292,000","29,967,000","30,749,000","33,170,000","32,590,000","31,938,000","35,919,000","48,669,000","35,824,000","30,562,000","30,435,000","29,600,000","26,779,000","24,906,000","24,357,000","25,222,000","22,224,000","20,813,000","18,777,000","16,866,000","17,016,000","14,882,000","15,687,000","14,291,000","13,664,000","13,709,000","13,845,000","10,214,000","9,266,000","9,162,000","8,265,000","8,243,000","8,051,000","8,263,000","8,116,000","8,317,000"
		DepreciationAndAmortizationInIncomeStatement,"15,156,000","3,791,000","3,658,000","4,160,000","3,547,000","4,117,000","4,049,000","3,320,000","48,690,000","32,670,000","28,809,000","29,292,000","29,967,000","30,749,000","33,170,000","32,590,000","31,938,000","35,919,000","48,669,000","35,824,000","30,562,000","30,435,000","29,600,000","26,779,000","24,906,000","24,357,000","25,222,000","22,224,000","20,813,000","18,777,000","16,866,000","17,016,000","14,882,000","15,687,000","14,291,000","13,664,000","13,709,000","13,845,000","10,214,000","9,266,000","9,162,000","8,265,000","8,243,000","8,051,000","8,263,000","8,116,000","8,317,000"
OperatingIncome,"127,795,000","34,949,000","32,327,000","30,913,000","29,606,000","27,780,000","15,696,000","22,220,000","-53,443,000","-4,671,000","8,392,000","7,218,000","9,666,000","11,448,000","-9,691,000","-7,610,000","-7,449,000","-2,171,000","-14,427,000","-17,801,000","-17,336,000","-14,698,000","-2,175,000","-8,774,000","-7,096,000","-8,592,000","-14,921,000","-11,563,000","-8,568,000","-9,790,000","-15,188,000","-16,371,000","-10,878,000","-9,320,000","-14,407,000","-10,898,000","-12,044,000","-10,300,000","-9,622,000","-8,632,000","-4,875,000","-4,308,000","-7,347,000","-8,649,000","-7,103,000","-10,725,000","-10,537,000"
NetNonOperatingInterestIncomeExpense,"-48,886,000","-10,842,000","-10,849,000","-10,909,000","-16,286,000","-29,237,000","-32,159,000","-31,163,000","-31,199,000","-30,568,000","-30,284,000","-29,753,000","-34,920,000","-31,405,000","-29,886,000","-29,840,000","-29,313,000","-29,478,000","-29,225,000","-26,902,000","-26,455,000","-26,398,000","-24,375,000","-23,996,000","-17,468,000","-15,381,000","-16,143,000","-16,685,000","-15,790,000","-10,090,000","-8,713,000","-8,271,000","-7,372,000","-7,233,000","-7,475,000","-7,476,000","-7,374,000","-3,901,000","-4,093,000","-4,169,000","-515,000","-59,000","-65,000","-54,000","-43,000","-46,000","-14,000"
	InterestIncomeNonOperating,"181,000","47,000","46,000","34,000","54,000","57,000","33,000","36,000","81,000","606,000","844,000","987,000","1,488,000","1,909,000","1,726,000","1,624,000","2,031,000","1,761,000","1,633,000","898,000","949,000","718,000","571,000","852,000","166,000","46,000","116,000","49,000","11,000","5,000","26,000","11,000","9,000","15,000","17,000","14,000","14,000","19,000","15,000","37,000","15,000","10,000","15,000","14,000","24,000","19,000","14,000"
	InterestExpenseNonOperating,"45,170,000","9,950,000","9,952,000","10,006,000","15,262,000","27,591,000","30,655,000","29,715,000","29,827,000","29,755,000","29,769,000","29,412,000","35,084,000","26,531,000","25,479,000","24,887,000","24,928,000","24,980,000","24,751,000","21,936,000","21,689,000","21,539,000","19,568,000","19,598,000","12,250,000","10,932,000","11,023,000","11,635,000","11,168,000","9,311,000","8,018,000","7,527,000","6,520,000","6,412,000","6,653,000","6,668,000","6,603,000","3,920,000","4,519,000","3,835,000","490,000","69,000","80,000","68,000","67,000","65,000","28,000"
	TotalOtherFinanceCost,"3,897,000","939,000","943,000","937,000","1,078,000","1,703,000","1,537,000","1,484,000","1,453,000","1,419,000","1,359,000","1,328,000","1,324,000","6,783,000","6,133,000","6,577,000","6,416,000","6,259,000","6,107,000","5,864,000","5,715,000","5,577,000","5,378,000","5,250,000","5,384,000","4,495,000","5,236,000","5,099,000","4,633,000","784,000","721,000","755,000","861,000","836,000","839,000","822,000","785,000",,,"371,000","40,000",,,,,,
OtherIncomeExpense,"-79,568,000","26,000","-14,000","-143,000","-79,437,000","-4,392,000","21,000","-12,000","-1,220,000","-49,382,000","-177,000","-143,000","-58,405,000","3,365,000","-19,945,000","-72,000","-374,000","505,000","-428,000","-228,000","-56,000","-38,000","-65,000","-34,000","-15,409,000","174,000","-2,538,000","-377,000","8,000","82,000","19,000","35,000","-23,000","-40,000","-4,000","2,000","-36,304,000","-1,000","-5,024,000","-21,000","8,513,000","1,127,000","29,060,000","-4,573,000","33,899,000","314,000","14,772,000"
	GainOnSaleOfSecurity,,,,,,,,,,,,,,,,,,,,,,,,,,,,,,,,,,,"0",,"-36,305,000",,"0",,"8,513,000",,,,,,
	SpecialIncomeCharges,"-79,564,000","0","0","0","-79,564,000","-4,397,000","0","0","-987,000","-46,389,000","0","0","-57,962,000",,"-19,653,000",,,,"0","0","0",,"0","0","-15,406,000",,"-2,251,000",,,,,,,,"0",,,,,,,"1,127,000","29,060,000","-4,573,000","33,899,000","314,000","14,772,000"
		ImpairmentOfCapitalAssets,,,,,,,,,"987,000","46,389,000",,,,,,,,,,,,,,,,,,,,,,,,,,,,,,,,,,,,,
		WriteOff,,,,,,,,,,,,,,,,,,,,,,,,,,,"2,251,000",,,,,,,,"0",,,,,,,,,,,,
		OtherSpecialCharges,,,"0",,"79,564,000","4,397,000",,,,,"0",,"57,962,000",,"19,653,000",,,,,,,,"0",,"15,406,000",,,,,,,,,,,,,,,,,,,,,,
	OtherNonOperatingIncomeExpenses,"-4,000","26,000","-14,000","-143,000","127,000","5,000","21,000","-12,000","-233,000","-2,993,000","-177,000","-143,000","-443,000","3,365,000","-292,000","-72,000","-374,000","505,000","-428,000","-228,000","-56,000","-38,000","-65,000","-34,000","-3,000","174,000","-287,000","-377,000","8,000","82,000","19,000","35,000","-23,000","-40,000","-4,000","2,000","1,000","-1,000","-1,000","-21,000",,,,,,,
PretaxIncome,"-659,000","24,133,000","21,464,000","19,861,000","-66,117,000","-5,849,000","-16,442,000","-8,955,000","-85,862,000","-84,621,000","-22,069,000","-22,678,000","-83,659,000","-16,592,000","-59,522,000","-37,522,000","-37,136,000","-31,144,000","-44,080,000","-44,931,000","-43,847,000","-41,134,000","-26,615,000","-32,804,000","-39,973,000","-23,799,000","-33,602,000","-28,625,000","-24,350,000","-19,798,000","-23,882,000","-24,607,000","-18,273,000","-16,593,000","-21,886,000","-18,372,000","-55,722,000","-14,202,000","-18,739,000","-12,822,000","3,123,000","-3,240,000","21,648,000","-13,276,000","26,753,000","-10,457,000","4,221,000"
TaxProvision,"-185,328,000","1,937,000","-187,673,000","131,000","277,000","35,000","-362,000","-65,000","117,000","157,000","282,000","213,000","304,000","207,000","166,000","195,000","71,000","-3,725,000","-2,942,000","350,000","362,000","233,000","317,000","469,000","221,000","307,000","277,000","245,000","422,000","294,000","229,000","292,000","389,000","273,000","219,000","346,000","267,000","275,000","365,000","222,000","223,000","226,000","403,000","217,000","216,000","217,000","225,000"
NetIncomeCommonStockholders,"182,503,000","22,083,000","218,709,000","10,959,000","-69,248,000","-7,685,000","845,000","-80,124,000","-85,979,000","-84,778,000","-22,351,000","-22,891,000","-83,963,000","-16,799,000","-59,688,000","-37,717,000","-37,207,000","-27,419,000","-41,138,000","-45,281,000","-44,209,000","-41,367,000","-26,932,000","-33,273,000","-40,194,000","-24,106,000","-33,879,000","-28,870,000","-24,772,000","-20,092,000","-24,111,000","-24,899,000","-18,662,000","-16,866,000","-22,105,000","-18,718,000","-72,578,000","-32,450,000","-35,961,000","-29,010,000","-13,089,000","-17,580,000","7,923,000","-24,656,000","16,673,000","-17,837,000","-3,141,000"
	NetIncome,"182,616,000","22,196,000","218,709,000","10,959,000","-69,248,000","-7,685,000","845,000","-80,124,000","-85,979,000","-84,778,000","-22,351,000","-22,891,000","-83,963,000","-16,799,000","-59,688,000","-37,717,000","-37,207,000","-27,419,000","-41,138,000","-45,281,000","-44,209,000","-41,367,000","-26,932,000","-33,273,000","-40,194,000","-24,106,000","-33,879,000","-28,870,000","-24,772,000","-20,092,000","-24,111,000","-24,899,000","-18,662,000","-16,866,000","-22,105,000","-18,718,000","-55,989,000","-14,477,000","-19,104,000","-13,044,000","2,900,000","-3,466,000","21,245,000","-13,493,000","26,537,000","-10,674,000","3,996,000"
		NetIncomeIncludingNoncontrollingInterests,"182,616,000","22,196,000","218,709,000","10,959,000","-69,248,000","-7,685,000","845,000","-80,124,000","-85,979,000","-84,778,000","-22,351,000","-22,891,000","-83,963,000","-16,799,000","-59,688,000","-37,717,000","-37,207,000","-27,419,000","-41,138,000","-45,281,000","-44,209,000","-41,367,000","-26,932,000","-33,273,000","-40,194,000","-24,106,000","-33,879,000","-28,870,000","-24,772,000","-20,092,000","-24,111,000","-24,899,000","-18,662,000","-16,866,000","-22,105,000","-18,718,000","-55,989,000","-14,477,000","-19,104,000","-13,044,000","2,900,000","-3,466,000","21,245,000","-13,493,000","26,537,000","-10,674,000","3,996,000"
			NetIncomeContinuousOperations,"184,669,000","22,196,000","209,137,000","19,730,000","-66,394,000","-5,884,000","-16,080,000","-8,890,000","-85,979,000","-84,778,000","-22,351,000","-22,891,000","-83,963,000","-16,799,000","-59,688,000","-37,717,000","-37,207,000","-27,419,000","-41,138,000","-45,281,000","-44,209,000","-41,367,000","-26,932,000","-33,273,000","-40,194,000","-24,106,000","-33,879,000","-28,870,000","-24,772,000","-20,092,000","-24,111,000","-24,899,000","-18,662,000","-16,866,000","-22,105,000","-18,718,000","-55,989,000","-14,477,000","-19,104,000","-13,044,000","2,900,000","-3,466,000","21,245,000","-13,493,000","26,537,000","-10,674,000","3,996,000"
			NetIncomeDiscontinuousOperations,"-2,053,000","0","9,572,000","-8,771,000","-2,854,000","-1,801,000","16,925,000","-71,234,000",,,,,,,,,,,,,,,,,,,,,,,,,,,,,,,,,,,,,,,
	PreferredStockDividends,,,,,,,,,,,,,,,,,,,,,,,,,,,,,,,,,,,"0",,"13,994,000","15,283,000","14,194,000","13,328,000","13,377,000","11,528,000","10,760,000","8,628,000","7,351,000","4,592,000","4,862,000"
	OtherunderPreferredStockDividend,,"113,000",,,,,,,,,,,,,,,,,,,,,,,,,,,,,"0","0","0","0","0","0","2,595,000","2,690,000","2,663,000","2,638,000","2,612,000","2,586,000","2,562,000","2,535,000","2,513,000","2,571,000","2,275,000"
AverageDilutionEarnings,,"1,819,000",,,,,,,,,,,,,,,,,,,,,,,,,,,,,,,,,,,,,,,,,,,,,
DilutedNIAvailtoComStockholders,"184,322,000","23,902,000","218,709,000","10,959,000","-69,248,000","-7,685,000","845,000","-80,124,000","-85,979,000","-84,778,000","-22,351,000","-22,891,000","-83,963,000","-16,799,000","-59,688,000","-37,717,000","-37,207,000","-27,419,000","-41,138,000","-45,281,000","-44,209,000","-41,367,000","-26,932,000","-33,273,000","-40,194,000","-24,106,000","-33,879,000","-28,870,000","-24,772,000","-20,092,000","-24,111,000","-24,899,000","-18,662,000","-16,866,000","-22,105,000","-18,718,000","-72,578,000","-32,450,000","-35,961,000","-29,010,000","-13,089,000","-17,580,000","7,923,000","-24,656,000","16,673,000","-17,837,000","-3,141,000"
BasicEPS,,"0.2","1.98","0.1","-0.63","-0.09","0.01","-0.97","-1.05","-1.04","-0.28","-0.28","-1.04","-0.21","-0.74","-0.47","-0.47","-0.34","-0.52","-0.57","-0.56","-0.52","-0.34","-0.42","-0.51","-0.31","-0.43","-0.37","-0.32","-0.24","-0.28","-0.29","-0.22","-0.2","-0.26","-0.22","-4.98","-0.382",,"-0.342","-0.154","-0.207",,,,"-0.21",
DilutedEPS,,"0.18","1.6","0.1","-0.63","-0.09","0.01","-0.97","-1.05","-1.04","-0.28","-0.28","-1.04","-0.21","-0.74","-0.47","-0.47","-0.34","-0.52","-0.57","-0.56","-0.52","-0.34","-0.42","-0.51","-0.31","-0.43","-0.37","-0.32","-0.24","-0.28","-0.29","-0.22","-0.2","-0.26","-0.22","-4.98","-0.382",,"-0.342","-0.154","-0.207",,,,"-0.21",
BasicAverageShares,,"111,414,000","109,907,000","109,345,000","109,060,000","84,649,000","83,377,000","82,707,000","81,757,000","81,205,000","80,997,000","80,908,000","80,702,000","80,446,000","80,303,000","80,196,000","79,783,000","79,696,000","79,603,000","79,543,000","79,334,000","79,139,000","79,067,000","79,003,000","78,849,000","78,738,000","78,678,000","78,633,000","78,478,000","83,126,000","85,277,000","85,226,000","85,085,000","84,995,000","84,230,000","84,097,000","14,585,000","84,918,818",,"84,918,818","84,918,818","84,918,818",,,,"84,918,818",
DilutedAverageShares,,"134,095,000","134,027,000","133,160,000","109,060,000","84,649,000","83,377,000","82,707,000","81,757,000","81,205,000","80,997,000","80,908,000","80,702,000","80,446,000","80,303,000","80,196,000","79,783,000","79,696,000","79,603,000","79,543,000","79,334,000","79,139,000","79,067,000","79,003,000","78,849,000","78,738,000","78,678,000","78,633,000","78,478,000","83,126,000","85,277,000","85,226,000","85,085,000","84,995,000","84,230,000","84,097,000","14,585,000","84,918,818",,"84,918,818","84,918,818","84,918,818",,,,"84,918,818",
TotalOperatingIncomeAsReported,"127,795,000","34,949,000","32,327,000","30,913,000","29,606,000","27,780,000","15,696,000","22,220,000","-54,430,000","-51,060,000","8,392,000","7,218,000","9,666,000","11,448,000","-9,691,000","-7,610,000","-7,449,000","-2,171,000","-14,427,000","-17,801,000","-17,336,000","-14,698,000","-2,175,000","-8,774,000","-7,096,000","-8,592,000","-14,921,000","-11,563,000","-8,568,000","-9,790,000","-15,188,000","-15,283,000","-10,878,000","-9,320,000","-14,407,000","-10,898,000","-9,062,000","-10,300,000","-9,622,000","-8,632,000","-4,875,000","-4,308,000","-7,347,000","-8,649,000","-7,103,000","-10,725,000","-10,537,000"
TotalExpenses,"226,802,000","57,801,000","59,973,000","56,259,000","52,769,000","46,089,000","61,938,000","44,305,000","150,083,000","189,146,000","212,918,000","193,964,000","204,019,000","188,101,000","226,915,000","224,867,000","234,907,000","233,996,000","202,437,000","190,675,000","190,136,000","180,104,000","162,173,000","156,041,000","154,635,000","150,338,000","152,700,000","137,970,000","129,759,000","125,301,000","124,421,000","120,406,000","110,407,000","105,014,000","106,961,000","96,277,000","91,481,000","81,054,000","73,145,000","66,472,000","62,754,000","58,581,000","53,730,000","49,482,000","45,564,000","45,204,000","45,096,000"
NetIncomeFromContinuingAndDiscontinuedOperation,"182,616,000","22,196,000","218,709,000","10,959,000","-69,248,000","-7,685,000","845,000","-80,124,000","-85,979,000","-84,778,000","-22,351,000","-22,891,000","-83,963,000","-16,799,000","-59,688,000","-37,717,000","-37,207,000","-27,419,000","-41,138,000","-45,281,000","-44,209,000","-41,367,000","-26,932,000","-33,273,000","-40,194,000","-24,106,000","-33,879,000","-28,870,000","-24,772,000","-20,092,000","-24,111,000","-24,899,000","-18,662,000","-16,866,000","-22,105,000","-18,718,000","-55,989,000","-14,477,000","-19,104,000","-13,044,000","2,900,000","-3,466,000","21,245,000","-13,493,000","26,537,000","-10,674,000","3,996,000"
NormalizedIncome,"232,407,400","22,196,000","209,137,000","19,730,000","-8,312,280","-2,674,190","-16,080,000","-8,890,000","-85,258,490","-50,914,030","-22,351,000","-22,891,000","-41,650,740","-16,799,000","-59,688,000","-37,717,000","-37,207,000","-27,419,000","-41,138,000","-45,281,000","-44,209,000","-41,367,000","-26,932,000","-33,273,000","-30,950,400","-24,106,000","-33,879,000","-28,870,000","-24,772,000","-20,092,000","-24,111,000","-24,899,000","-18,662,000","-16,866,000","-22,105,000","-18,718,000","-32,390,750","-14,477,000","-15,839,050","-13,044,000","-5,008,577","-4,198,550","-7,274,017.923","-10,520,550","-7,088,304.19","-10,878,100","-9,988,579.957"
InterestIncome,"181,000","47,000","46,000","34,000","54,000","57,000","33,000","36,000","81,000","606,000","844,000","987,000","1,488,000","1,909,000","1,726,000","1,624,000","2,031,000","1,761,000","1,633,000","898,000","949,000","718,000","571,000","852,000","166,000","46,000","116,000","49,000","11,000","5,000","26,000","11,000","9,000","15,000","17,000","14,000","14,000","19,000","15,000","37,000","15,000","10,000","15,000","14,000","24,000","19,000","14,000"
InterestExpense,"45,170,000","9,950,000","9,952,000","10,006,000","15,262,000","27,591,000","30,655,000","29,715,000","29,827,000","29,755,000","29,769,000","29,412,000","35,084,000","26,531,000","25,479,000","24,887,000","24,928,000","24,980,000","24,751,000","21,936,000","21,689,000","21,539,000","19,568,000","19,598,000","12,250,000","10,932,000","11,023,000","11,635,000","11,168,000","9,311,000","8,018,000","7,527,000","6,520,000","6,412,000","6,653,000","6,668,000","6,603,000","3,920,000","4,519,000","3,835,000","490,000","69,000","80,000","68,000","67,000","65,000","28,000"
NetInterestIncome,"-48,886,000","-10,842,000","-10,849,000","-10,909,000","-16,286,000","-29,237,000","-32,159,000","-31,163,000","-31,199,000","-30,568,000","-30,284,000","-29,753,000","-34,920,000","-31,405,000","-29,886,000","-29,840,000","-29,313,000","-29,478,000","-29,225,000","-26,902,000","-26,455,000","-26,398,000","-24,375,000","-23,996,000","-17,468,000","-15,381,000","-16,143,000","-16,685,000","-15,790,000","-10,090,000","-8,713,000","-8,271,000","-7,372,000","-7,233,000","-7,475,000","-7,476,000","-7,374,000","-3,901,000","-4,093,000","-4,169,000","-515,000","-59,000","-65,000","-54,000","-43,000","-46,000","-14,000"
EBIT,"44,511,000","34,083,000","31,416,000","29,867,000","-50,855,000","21,742,000","14,213,000","20,760,000","-56,035,000","-54,866,000","7,700,000","6,734,000","-48,575,000","9,939,000","-34,043,000","-12,635,000","-12,208,000","-6,164,000","-19,329,000","-22,995,000","-22,158,000","-19,595,000","-7,047,000","-13,206,000","-27,723,000","-12,867,000","-22,579,000","-16,990,000","-13,182,000","-10,487,000","-15,864,000","-17,080,000","-11,753,000","-10,181,000","-15,233,000","-11,704,000","-49,119,000","-10,282,000","-14,220,000","-8,987,000","3,613,000","-3,171,000","21,728,000","-13,208,000","26,820,000","-10,392,000","4,249,000"
EBITDA,"59,667,000"
ReconciledCostOfRevenue,"108,733,000","28,915,000","28,356,000","25,353,000","26,109,000","22,377,000","27,527,000","94,741,000","57,599,000","96,795,000","124,938,000","102,721,000","107,065,000","97,852,000","125,210,000","123,436,000","138,000,000","127,240,000","83,471,000","83,180,000","83,776,000","76,461,000","73,361,000","66,892,000","65,873,000","68,602,000","63,580,000","55,221,000","54,555,000","55,005,000","54,999,000","54,653,000","50,194,000","49,614,000","50,311,000","44,805,000","39,183,000","33,699,000","31,984,000","29,333,000","26,521,000","25,302,000","23,095,000","18,941,000","18,680,000","17,129,000","18,549,000"
ReconciledDepreciation,"15,156,000","3,791,000","3,658,000","4,160,000","3,547,000","4,117,000","4,049,000","-71,243,000","48,690,000","32,670,000","28,809,000","29,292,000","29,967,000","30,749,000","33,170,000","32,590,000","31,938,000","35,919,000","48,669,000","35,824,000","30,562,000","30,435,000","29,600,000","26,779,000","24,906,000","24,357,000","25,222,000","22,224,000","20,813,000","18,777,000","16,866,000","17,016,000","14,882,000","15,687,000","14,291,000","13,664,000","13,709,000","13,845,000","10,214,000","9,266,000","9,162,000","8,265,000","8,243,000","8,051,000","8,263,000","8,116,000","8,317,000"
NetIncomeFromContinuingOperationNetMinorityInterest,"184,669,000","22,196,000","209,137,000","19,730,000","-66,394,000","-5,884,000","-16,080,000","-8,890,000","-85,979,000","-84,778,000","-22,351,000","-22,891,000","-83,963,000","-16,799,000","-59,688,000","-37,717,000","-37,207,000","-27,419,000","-41,138,000","-45,281,000","-44,209,000","-41,367,000","-26,932,000","-33,273,000","-40,194,000","-24,106,000","-33,879,000","-28,870,000","-24,772,000","-20,092,000","-24,111,000","-24,899,000","-18,662,000","-16,866,000","-22,105,000","-18,718,000","-55,989,000","-14,477,000","-19,104,000","-13,044,000","2,900,000","-3,466,000","21,245,000","-13,493,000","26,537,000","-10,674,000","3,996,000"
TotalUnusualItemsExcludingGoodwill,"-79,564,000","0","0","0","-79,564,000","-4,397,000","0","0","-987,000","-46,389,000","0","0","-57,962,000",,"-19,653,000",,,,"0","0","0",,"0","0","-15,406,000",,"-2,251,000",,,,,,,,"0",,"-36,305,000",,"-5,023,000",,"8,513,000","1,127,000","29,060,000","-4,573,000","33,899,000","314,000","14,772,000"
TotalUnusualItems,"-79,564,000","0","0","0","-79,564,000","-4,397,000","0","0","-987,000","-46,389,000","0","0","-57,962,000",,"-19,653,000",,,,"0","0","0",,"0","0","-15,406,000",,"-2,251,000",,,,,,,,"0",,"-36,305,000",,"-5,023,000",,"8,513,000","1,127,000","29,060,000","-4,573,000","33,899,000","314,000","14,772,000"
NormalizedEBITDA,"139,231,000","37,874,000","35,074,000","34,027,000","32,256,000","30,256,000","18,262,000","24,080,000","-6,358,000","24,193,000","36,509,000","36,026,000","39,354,000","40,688,000","-873,000","19,955,000","19,730,000","29,755,000","29,340,000","12,829,000","8,404,000","10,840,000","22,553,000","13,573,000","12,589,000","11,490,000","2,643,000","5,234,000","7,631,000","8,290,000","1,002,000","-64,000","3,129,000","5,506,000","-942,000","1,960,000","895,000","3,563,000","1,017,000","279,000","4,262,000","3,967,000","911,000","-584,000","1,184,000","-2,590,000","-2,206,000"
TaxRateForCalcs,"0.4","0.08","0.27","0.007","0.27","0.27","0.022","0.007","0.27","0.27","0.27","0.27","0.27","0.27","0.27","0.27","0.27","0.12","0.067","0.4","0.4","0.4","0.4","0.4","0.4","0.4","0.4","0.4","0.4","0.4","0.35","0.35","0.35","0.35","0.35","0.35","0.35","0.35","0.35","0.35","0.071","0.35","0.019","0.35","0.008","0.35","0.053"
TaxEffectOfUnusualItems,"-31,825,600","0","0","0","-21,482,280","-1,187,190","0","0","-266,490","-12,525,030","0","0","-15,649,740","0","0","0","0","0","0","0","0","0","0","0","-6,162,400","0","0","0","0","0","0","0","0","0","0","0","-12,706,750","0","-1,758,050","0","604,423","394,450","540,982.077","-1,600,550","273,695.81","109,900","787,420.043"