name,ttm,03/31/2022,12/31/2021,09/30/2021,06/30/2021,03/31/2021,12/31/2020,09/30/2020,06/30/2020,03/31/2020,12/31/2019,09/30/2019,06/30/2019,03/31/2019,12/31/2018,09/30/2018,06/30/2018,03/31/2018,12/31/2017,09/30/2017,06/30/2017,03/31/2017,12/31/2016,09/30/2016,06/30/2016,03/31/2016,12/31/2015,09/30/2015,06/30/2015,03/31/2015,12/31/2014,09/30/2014,06/30/2014,03/31/2014,12/31/2013,09/30/2013,06/30/2013,03/31/2013,12/31/2012,09/30/2012,06/30/2012,03/31/2012,12/31/2011,09/30/2011,06/30/2011,03/31/2011,12/31/2010,09/30/2010,06/30/2010,03/31/2010,12/31/2009,09/30/2009,06/30/2009,03/31/2009,12/31/2008,09/30/2008,06/30/2008,03/31/2008,12/31/2007,09/30/2007,06/30/2007,03/31/2007,12/31/2006,09/30/2006,06/30/2006,03/31/2006,12/31/2005,09/30/2005,06/30/2005,03/31/2005,12/31/2004,09/30/2004,06/30/2004,03/31/2004,12/31/2003,09/30/2003,06/30/2003,03/31/2003,12/31/2002,09/30/2002,06/30/2002,03/31/2002,12/31/2001,09/30/2001,06/30/2001,03/31/2001,12/31/2000,09/30/2000,06/30/2000,03/31/2000,12/31/1999,09/30/1999,06/30/1999,03/31/1999,12/31/1998,09/30/1998,06/30/1998,03/31/1998,12/31/1997,09/30/1997,06/30/1997,03/31/1997,12/31/1996,09/30/1996,06/30/1996,03/31/1996,12/31/1995,09/30/1995,06/30/1995,03/31/1995,12/31/1994,09/30/1994,06/30/1994,03/31/1994
TotalRevenue,"1,891,581,000","477,214,000","494,738,000","508,848,000","410,781,000","182,217,000","149,683,000","75,982,000","60,004,000","559,144,000","708,137,000","755,151,000","712,189,000","656,751,000","697,465,000","759,087,000","715,447,000","665,412,000","686,549,000","719,559,000","675,335,000","614,185,000","632,973,000","671,837,000","594,590,000","551,180,000","574,154,000","631,738,000","571,295,000","540,280,000","574,839,000","639,462,000","575,720,000","524,858,000","531,885,000","599,298,000","533,928,000","490,754,000","492,986,000","549,322,000","484,551,000","435,494,000","433,975,000","455,859,000","395,015,000","365,609,000","343,800,000","352,029,000","315,889,000","298,376,000","297,052,000","305,627,000","292,004,000","288,624,000","300,536,000","339,918,000","319,192,000","251,219,000","250,685,000","272,507,000","244,184,000","215,191,000","226,282,000","229,769,000","222,278,000","209,721,000","210,315,000","224,086,000","69,922,000","0","0","0","0","0","0","0","0","157,064,000","166,652,000","179,247,000","148,000,000","138,139,000","141,074,000","166,425,000","156,038,000","148,045,000","146,730,000","169,901,000","154,557,000","136,033,000","121,477,000","135,000,000","122,300,000","110,000,000","101,600,000","115,500,000","109,000,000","100,300,000","95,300,000","105,300,000","103,900,000","99,700,000","93,100,000","101,100,000","96,100,000","94,000,000","92,500,000","93,400,000","85,500,000","75,500,000","22,300,000","22,300,000","22,300,000","22,300,000"
	OperatingRevenue,"1,637,462,000","404,029,000","423,118,000","454,044,000","356,271,000","137,469,000","91,791,000","39,777,000","29,762,000","503,469,000","648,782,000","694,263,000","653,423,000","601,304,000","638,799,000","697,232,000","655,162,000","611,600,000","596,801,000","634,475,000","593,210,000","537,590,000","553,647,000","591,496,000","518,572,000","482,027,000","500,149,000","556,929,000","499,387,000","469,145,000","503,257,000","566,985,000","506,797,000","468,013,000","478,114,000","543,315,000","481,461,000","439,939,000","297,674,000","549,322,000","484,551,000","435,494,000","264,179,000","455,859,000","395,015,000","365,609,000","343,800,000","352,029,000","315,889,000","298,376,000","297,052,000","305,627,000","292,004,000","288,624,000","300,536,000","339,918,000","319,192,000","251,219,000","250,685,000","272,507,000","244,184,000","215,191,000","226,282,000","229,769,000","222,278,000","209,721,000","210,315,000","224,086,000","69,922,000","0","0","0","0","0","0","0","0","157,064,000","166,652,000","179,247,000","148,000,000","138,139,000","141,074,000","166,425,000","156,038,000","148,045,000","146,730,000","169,901,000","154,557,000","136,033,000","121,477,000","135,000,000","122,300,000","110,000,000","101,600,000","115,500,000","109,000,000","100,300,000","95,300,000","105,300,000","103,900,000","99,700,000","93,100,000","101,100,000","96,100,000","94,000,000","92,500,000","93,400,000","85,500,000","75,500,000","22,300,000","22,300,000","22,300,000","22,300,000"
CostOfRevenue,"2,005,182,000","568,875,000","512,354,000","492,540,000","431,413,000","221,010,000","317,404,000","157,840,000","151,145,000","530,884,000","568,016,000","563,168,000","552,931,000","535,160,000","561,053,000","572,632,000","549,619,000","522,895,000","510,099,000","476,293,000","462,669,000","463,029,000","447,957,000","436,937,000","411,564,000","396,298,000","465,478,000","398,180,000","402,517,000","391,283,000","426,014,000","454,574,000","447,392,000","436,816,000","426,836,000","447,932,000","422,574,000","425,821,000","759,827,000","286,917,000","270,610,000","248,346,000","-112,034,000","239,659,000","246,310,000","120,801,000","87,752,000","85,930,000","81,771,000","83,127,000","-73,491,000","134,407,000","111,796,000","105,255,000","277,022,000","134,531,000","135,385,000","219,721,000","208,870,000","199,506,000","189,929,000","180,839,000","163,515,000","189,097,000","181,329,000","180,799,000","189,526,000","174,558,000","58,826,000","2,095,000","1,655,000","1,757,000","2,589,000","1,264,000","552,000","531,000","451,000","148,145,000","154,096,000","146,286,000","137,303,000","120,048,000","120,531,000","121,651,000","112,597,000","112,682,000","115,740,000","116,186,000","110,261,000","104,211,000","95,968,000","91,200,000","82,800,000","75,900,000","72,800,000","75,000,000","74,400,000","74,000,000","68,300,000","73,600,000","76,400,000","77,900,000","59,100,000","78,900,000","74,700,000","74,400,000","72,400,000","71,900,000","68,200,000","64,900,000",,,,
GrossProfit,"-113,601,000","-91,661,000","-17,616,000","16,308,000","-20,632,000","-38,793,000","-167,721,000","-81,858,000","-91,141,000","28,260,000","140,121,000","191,983,000","159,258,000","121,591,000","136,412,000","186,455,000","165,828,000","142,517,000","176,450,000","243,266,000","212,666,000","151,156,000","185,016,000","234,900,000","183,026,000","154,882,000","108,676,000","233,558,000","168,778,000","148,997,000","148,825,000","184,888,000","128,328,000","88,042,000","105,049,000","151,366,000","111,354,000","64,933,000","-266,841,000","262,405,000","213,941,000","187,148,000","546,009,000","216,200,000","148,705,000","244,808,000","256,048,000","266,099,000","234,118,000","215,249,000","370,543,000","171,220,000","180,208,000","183,369,000","23,514,000","205,387,000","183,807,000","31,498,000","41,815,000","73,001,000","54,255,000","34,352,000","62,767,000","40,672,000","40,949,000","28,922,000","20,789,000","49,528,000","11,096,000","-2,095,000","-1,655,000","-1,757,000","-2,589,000","-1,264,000","-552,000","-531,000","-451,000","8,919,000","12,556,000","32,961,000","10,697,000","18,091,000","20,543,000","44,774,000","43,441,000","35,363,000","30,990,000","53,715,000","44,296,000","31,822,000","25,509,000","43,800,000","39,500,000","34,100,000","28,800,000","40,500,000","34,600,000","26,300,000","27,000,000","31,700,000","27,500,000","21,800,000","34,000,000","22,200,000","21,400,000","19,600,000","20,100,000","21,500,000","17,300,000","10,600,000",,,,
OperatingExpense,"34,621,000","56,144,000","53,726,000","-27,159,000","-48,090,000","34,371,000","36,053,000","21,726,000","23,809,000","69,452,000","70,837,000","75,347,000","70,377,000","68,915,000","67,063,000","70,629,000","72,900,000","70,930,000","76,272,000","69,515,000","65,346,000","65,183,000","65,005,000","61,045,000","64,156,000","63,014,000","-170,000","78,881,000","77,362,000","77,833,000","71,493,000","78,719,000","76,734,000","78,005,000","71,201,000","76,932,000","73,963,000","76,859,000","-279,078,000","187,472,000","184,613,000","174,248,000","441,533,000","155,253,000","218,886,000","148,955,000","138,032,000","136,553,000","129,340,000","135,203,000","124,312,000","123,346,000","120,987,000","122,435,000","157,272,000","109,056,000","70,804,000","305,209,000","283,665,000","279,105,000","276,040,000","262,446,000","307,428,000","249,704,000","218,542,000","247,588,000","254,764,000","238,789,000","84,218,000","2,095,000","1,655,000","1,757,000","2,589,000","1,264,000","552,000","531,000","451,000","204,498,000","209,712,000","200,588,000","126,033,000","114,767,000","115,095,000","104,627,000","103,350,000","95,314,000","92,338,000","95,798,000","87,874,000","84,048,000","76,573,000","80,700,000","75,900,000","70,900,000","63,100,000","68,400,000","64,900,000","62,100,000","58,400,000","62,100,000","63,200,000","63,900,000","182,100,000","17,700,000","18,300,000","19,300,000","21,200,000","15,600,000","16,800,000","18,100,000",,,,
	SellingGeneralAndAdministration,"81,750,000","20,647,000","22,869,000","20,964,000","17,270,000","11,409,000","11,453,000","5,201,000","2,927,000","26,716,000","33,618,000","33,291,000","32,471,000","30,836,000","32,833,000","32,704,000","31,853,000","31,925,000","33,115,000","32,930,000","32,557,000","33,186,000","31,795,000","29,480,000","31,425,000","33,031,000","28,529,000","30,305,000","30,484,000","30,428,000","28,395,000","32,015,000","30,773,000","31,335,000","27,615,000","32,288,000","32,186,000","33,811,000","-254,992,000","124,466,000","125,310,000","119,540,000","290,247,000","105,776,000","103,005,000","103,805,000","96,007,000","93,887,000","90,303,000","95,567,000","86,455,000","83,511,000","83,038,000","84,915,000","121,257,000","72,040,000","32,606,000","105,451,000","93,187,000","99,791,000","106,199,000","102,506,000","305,328,000","35,899,000","35,540,000","35,129,000","36,051,000","34,551,000","11,313,000","0","0","0","0","0","0","0","0","36,744,000","35,799,000","29,275,000","82,991,000","78,753,000","79,862,000","66,432,000","66,174,000","58,925,000","55,523,000","56,595,000","52,404,000","50,191,000","45,629,000","47,700,000","45,300,000","43,800,000","39,000,000","42,500,000","39,700,000","40,000,000","37,800,000","40,200,000","40,400,000","42,000,000","107,600,000","15,600,000","16,400,000","17,400,000","18,700,000","13,700,000","14,900,000","16,200,000",,,,
		GeneralAndAdministrativeExpense,,,,,,,,,,,,,,,,,,,,,,,,,,,,,,,,,,,,,,,,"93,438,000","96,699,000","90,124,000","266,867,000","82,417,000","79,713,000","77,572,000","77,740,000","73,747,000","73,181,000","72,899,000","69,987,000","68,399,000","66,772,000","67,465,000","111,393,000","61,646,000","12,458,000","121,619,000","104,353,000","113,847,000","121,195,000","115,890,000","353,903,000","35,899,000","35,540,000","35,129,000","36,051,000","34,551,000","11,313,000",,,,,,"0",,,"36,744,000","35,799,000","29,275,000","88,593,000","83,464,000","88,049,000","71,431,000","70,810,000","61,915,000","61,356,000","60,006,000","55,600,000","52,549,000","47,500,000","51,300,000","48,900,000","47,200,000","42,000,000","45,100,000","42,700,000","43,200,000","40,400,000","43,700,000","44,000,000","45,400,000",,,,,,,,,,,,
			SalariesAndWages,,,,,,,,,,,,,,,,,,,,,,,,,,,,,,,,,,,,,,,,"93,438,000","96,699,000","90,124,000","81,539,000","82,417,000","79,713,000","77,572,000","77,740,000","73,747,000","73,181,000","72,899,000","69,987,000","68,399,000","66,772,000","67,465,000","58,893,000","61,646,000","64,958,000","-57,301,000","-51,030,000","-53,585,000","-59,946,000","-57,997,000","-61,541,000","-52,243,000","-56,057,000","-58,169,000","-56,445,000","-55,313,000","-22,578,000",,,,,,"0",,,"-55,217,000","-50,455,000","-50,435,000","-52,490,000","-52,042,000","-51,807,000","-45,402,000","-47,801,000","-43,804,000","-39,424,000","-42,753,000","-39,371,000","-38,910,000","-34,618,000","-36,300,000","-34,500,000","-33,000,000","-28,500,000","-31,500,000","-29,400,000","-29,500,000","-28,400,000","-28,600,000","-28,100,000","-29,500,000",,,,,,,,,,,,
			OtherGandA,,,,,,,,,,,,,,,,,,,,,,,,,,,,,,,,,,,,,,,,,,,,,,,,,,,,,,,,,"-52,500,000","178,920,000","155,383,000","167,432,000","181,141,000","173,887,000","415,444,000","88,142,000","91,597,000","93,298,000","92,496,000","89,864,000","33,891,000",,,,,,"0",,,"91,961,000","86,254,000","79,710,000","141,083,000","135,506,000","139,856,000","116,833,000","118,611,000","105,719,000","100,780,000","102,759,000","94,971,000","91,459,000","82,118,000","87,600,000","83,400,000","80,200,000","70,500,000","76,600,000","72,100,000","72,700,000","68,800,000","72,300,000","72,100,000","74,900,000",,,,,,,,,,,,
		SellingAndMarketingExpense,"81,750,000","20,647,000","22,869,000","20,964,000","17,270,000","11,409,000","11,453,000","5,201,000","2,927,000","26,716,000","33,618,000","33,291,000","32,471,000","30,836,000","32,833,000","32,704,000","31,853,000","31,925,000","33,115,000","32,930,000","32,557,000","33,186,000","31,795,000","29,480,000","31,425,000","33,031,000","28,529,000","30,305,000","30,484,000","30,428,000","28,395,000","32,015,000","30,773,000","31,335,000","27,615,000","32,288,000","32,186,000","33,811,000","25,269,000","31,028,000","28,611,000","29,416,000","23,380,000","23,359,000","23,292,000","26,233,000","18,267,000","20,140,000","17,122,000","22,668,000","16,468,000","15,112,000","16,266,000","17,450,000","9,864,000","10,394,000","20,148,000","-16,168,000","-11,166,000","-14,056,000","-14,996,000","-13,384,000","-48,575,000","0","0","0","0","0","0",,"0","0","0","0","0","0","0","0","0","0","-5,602,000","-4,711,000","-8,187,000","-4,999,000","-4,636,000","-2,990,000","-5,833,000","-3,411,000","-3,196,000","-2,358,000","-1,871,000","-3,600,000","-3,600,000","-3,400,000","-3,000,000","-2,600,000","-3,000,000","-3,200,000","-2,600,000","-3,500,000","-3,600,000","-3,400,000",,,,,,,,,,,,
	DepreciationAmortizationDepletionIncomeStatement,,,,,,,,,,,,,,,,,,,,,,,,,,,,,,,,,,,,,,,,"22,983,000","21,553,000","19,151,000","18,459,000","17,496,000","15,604,000","14,703,000","14,876,000","14,452,000","14,397,000","13,987,000","13,463,000","13,408,000","13,054,000","12,723,000","12,982,000","11,922,000","11,755,000","12,019,000","12,599,000","11,958,000","11,169,000","10,226,000","7,984,000","7,156,000","6,961,000","6,764,000","6,922,000","7,006,000","2,256,000","0","0","0","0","0","0","0","0","1,813,000","2,397,000","2,299,000","1,915,000","1,966,000","2,806,000","4,120,000","3,482,000","3,575,000","4,217,000","4,115,000","4,057,000","3,932,000","4,639,000","4,700,000","4,200,000","3,600,000","3,200,000","3,300,000","3,400,000","2,700,000","2,900,000","2,600,000","2,700,000","2,600,000","2,600,000","2,100,000","1,900,000","1,900,000","2,200,000","1,900,000","1,900,000","1,900,000",,,,
		DepreciationAndAmortizationInIncomeStatement,,,,,,,,,,,,,,,,,,,,,,,,,,,,,,,,,,,,,,,,"22,983,000","21,553,000","19,151,000","18,459,000","17,496,000","15,604,000","14,703,000","14,876,000","14,452,000","14,397,000","13,987,000","13,463,000","13,408,000","13,054,000","12,723,000","12,982,000","11,922,000","11,755,000","12,019,000","12,599,000","11,958,000","11,169,000","10,226,000","7,984,000","7,156,000","6,961,000","6,764,000","6,922,000","7,006,000","2,256,000",,"0","0","0","0","0","0","0","1,813,000","2,397,000","2,299,000","1,915,000","1,966,000","2,806,000","4,120,000","3,482,000","3,575,000","4,217,000","4,115,000","4,057,000","3,932,000","4,639,000","4,700,000","4,200,000","3,600,000","3,200,000","3,300,000","3,400,000","2,700,000","2,900,000","2,600,000","2,700,000","2,600,000","2,600,000","2,100,000","1,900,000","1,900,000","2,200,000","1,900,000","1,900,000","1,900,000",,,,
			DepreciationIncomeStatement,,,,,,,,,,,,,,,,,,,,,,,,,,,,,,,,,,,,,,,,,,,,,,,,,,,,,,,,,,"12,019,000","12,599,000","11,958,000","11,169,000","10,226,000","7,984,000","7,156,000","6,961,000","6,764,000","6,922,000","7,006,000","2,256,000",,,,,,"0",,,"1,813,000","2,397,000","2,299,000","1,915,000","1,966,000","2,806,000","4,120,000","3,482,000","3,575,000","4,217,000","4,115,000","4,057,000","3,932,000","4,639,000","4,700,000","4,200,000","3,600,000","3,200,000","3,300,000","3,400,000","2,700,000","2,900,000","2,600,000","2,700,000","2,600,000","2,600,000","2,100,000","1,900,000","1,900,000","2,200,000","1,900,000","1,900,000","1,900,000",,,,
	OtherOperatingExpenses,"-47,129,000","35,497,000","30,857,000","-48,123,000","-65,360,000","22,962,000","24,600,000","16,525,000","20,882,000","42,736,000","37,219,000","42,056,000","37,906,000","38,079,000","34,230,000","37,925,000","41,047,000","39,005,000","43,157,000","36,585,000","32,789,000","31,997,000","33,210,000","31,565,000","32,731,000","29,983,000","-28,699,000","48,576,000","46,878,000","47,405,000","43,098,000","46,704,000","45,961,000","46,670,000","43,586,000","44,644,000","41,777,000","43,048,000","39,601,000","40,023,000","37,750,000","35,557,000","132,827,000","31,981,000","100,277,000","30,447,000","27,149,000","28,214,000","24,640,000","25,649,000","24,394,000","26,427,000","24,895,000","24,797,000","23,033,000","25,094,000","26,443,000","187,739,000","177,879,000","167,356,000","158,672,000","149,714,000","-5,884,000","206,649,000","176,041,000","205,695,000","211,791,000","197,232,000","70,649,000","2,095,000","1,655,000","1,757,000","2,589,000","1,264,000","552,000","531,000","451,000","165,941,000","171,516,000","169,014,000","41,127,000","34,048,000","32,427,000","34,075,000","33,694,000","32,814,000","32,598,000","35,088,000","31,413,000","29,925,000","26,305,000","28,300,000","26,400,000","23,500,000","20,900,000","22,600,000","21,800,000","19,400,000","17,700,000","19,300,000","20,100,000","19,300,000",,,,,"300,000",,,,,,,
OperatingIncome,"-148,222,000","-147,805,000","-71,342,000","43,467,000","27,458,000","-73,164,000","-203,774,000","-103,584,000","-114,950,000","-41,192,000","69,284,000","116,636,000","88,881,000","52,676,000","69,349,000","115,826,000","92,928,000","71,587,000","100,178,000","173,751,000","147,320,000","85,973,000","120,011,000","173,855,000","118,870,000","91,868,000","108,846,000","154,677,000","91,416,000","71,164,000","77,332,000","106,169,000","51,594,000","10,037,000","33,848,000","74,434,000","37,391,000","-11,926,000","12,237,000","74,933,000","29,328,000","12,900,000","104,476,000","60,947,000","-70,181,000","95,853,000","118,016,000","129,546,000","104,778,000","80,046,000","246,231,000","47,874,000","59,221,000","60,934,000","-133,758,000","96,331,000","113,003,000","-273,711,000","-241,850,000","-206,104,000","-221,785,000","-228,094,000","-244,661,000","-209,032,000","-177,593,000","-218,666,000","-233,975,000","-189,261,000","-73,122,000","-4,190,000","-3,310,000","-3,514,000","-5,178,000","-2,528,000","-1,104,000","-1,062,000","-902,000","-195,579,000","-197,156,000","-167,627,000","-115,336,000","-96,676,000","-94,552,000","-59,853,000","-59,909,000","-59,951,000","-61,348,000","-42,083,000","-43,578,000","-52,226,000","-51,064,000","-36,900,000","-36,400,000","-36,800,000","-34,300,000","-27,900,000","-30,300,000","-35,800,000","-31,400,000","-30,400,000","-35,700,000","-42,100,000","-148,100,000","4,500,000","3,100,000","300,000","-1,100,000","5,900,000","500,000","-7,500,000","-73,100,000","22,300,000","22,300,000","22,300,000"
NetNonOperatingInterestIncomeExpense,"-96,262,000","-19,551,000","-21,567,000","-26,950,000","-28,194,000","-21,760,000","-12,171,000","-8,823,000","-4,534,000","-2,944,000","-2,439,000","-2,119,000","-2,969,000","-3,262,000","-4,187,000","-3,501,000","-3,341,000","-4,843,000","-3,778,000","-3,301,000","-4,162,000","-5,091,000","-5,952,000","-6,707,000","-7,360,000","-9,935,000","-11,882,000","-12,117,000","-12,018,000","-13,589,000","-14,093,000","-14,799,000","-13,625,000","-12,015,000","-9,932,000","-10,301,000","-9,146,000","-7,810,000","-1,150,000","-11,879,000","-10,555,000","-8,834,000","-749,000","-7,099,000","-4,551,000","-2,837,000","-4,429,000","-1,535,000","-3,056,000","-4,181,000","-3,604,000","-3,937,000","-3,027,000","-4,530,000","-3,908,000","-2,864,000","-2,980,000",,,,,,,,,,,,,,,,,,,,,,,,,,,,,,,,,,,,,,,,,,,,,,,,,,,,,,,,,
	InterestIncomeNonOperating,"11,788,000","4,434,000","3,942,000","2,067,000","1,345,000","1,249,000","1,003,000","1,942,000","2,766,000","3,020,000","3,378,000","3,148,000","3,074,000","2,983,000","2,713,000","3,124,000","1,931,000","1,474,000","1,652,000","1,861,000","1,467,000","1,152,000","963,000","1,113,000","1,087,000","844,000","759,000","691,000","725,000","636,000","596,000","471,000","398,000","219,000","213,000","173,000","126,000","127,000","103,000","96,000","167,000","214,000","181,000","638,000","338,000","357,000","497,000","399,000","1,916,000","822,000","1,889,000","1,203,000","1,743,000","720,000","1,491,000","1,913,000","1,867,000",,,,,,,,,,,,,,,,,,,,,,,,,,,,,,,,,,,,,,,,,,,,,,,,,,,,,,,,,
	InterestExpenseNonOperating,"108,050,000","23,985,000","25,509,000","29,017,000","29,539,000","23,009,000","13,174,000","10,765,000","7,300,000","5,964,000","5,817,000","5,267,000","6,043,000","6,245,000","6,900,000","6,625,000","5,272,000","6,317,000","5,430,000","5,162,000","5,629,000","6,243,000","6,915,000","7,820,000","8,447,000","10,779,000","12,641,000","12,808,000","12,743,000","14,225,000","14,689,000","15,270,000","14,023,000","12,234,000","10,145,000","10,474,000","9,272,000","7,937,000","1,253,000","11,975,000","10,722,000","9,048,000","930,000","7,737,000","4,889,000","3,194,000","4,926,000","1,934,000","4,972,000","5,003,000","5,493,000","5,140,000","4,770,000","5,250,000","5,399,000","4,777,000","4,847,000",,,,,,,,,,,,,,,,,,,,,,,,,,,,,,,,,,,,,,,,,,,,,,,,,,,,,,,,,
OtherIncomeExpense,"-18,839,000","12,532,000","-26,465,000","2,652,000","-7,558,000","18,100,000","-12,814,000","-31,177,000","-33,037,000","-131,052,000","1,064,000","-5,998,000","-6,303,000","-455,000","-23,643,000","4,432,000","16,200,000","-29,649,000","13,677,000","-50,812,000","-13,800,000","-29,400,000","-110,498,000","-2,989,000","17,130,000","1,171,000","-35,518,000","-29,578,000","-137,000","-15,576,000","-44,843,000","-33,006,000","7,010,000","-6,314,000","4,240,000","3,285,000","-10,030,000","-7,643,000","-17,272,000","10,749,000","-12,464,000","7,793,000","-71,048,000","-6,522,000","-7,841,000","9,268,000","5,554,000","4,417,000","-5,031,000","-1,028,000","785,000","-2,819,000","8,619,000","-1,775,000","22,466,000","-9,850,000","8,854,000","5,733,000","24,572,000","-6,461,000","-6,977,000","-6,481,000","23,570,000","-3,919,000","-62,156,000","-9,943,000","-3,559,000","2,912,000","4,432,000",,,,,,"-180,000",,,"-3,732,000","-10,052,000","168,000","-884,000","101,000","13,357,000","14,868,000","3,741,000","2,937,000","-9,669,000","-12,780,000","507,000","-340,000","-44,863,000",,,,"-800,000","-100,000","-100,000",,"-100,000","-300,000","-300,000","-200,000","-500,000","-200,000","-300,000",,"0","-200,000",,"200,000",,,,
	GainOnSaleOfSecurity,,,"0",,,"217,000","3,000","-297,000","-184,000","-6,452,000","494,000","-4,553,000","-3,220,000","570,000","-21,474,000","3,495,000","18,952,000","4,617,000","13,540,000","3,282,000","-4,712,000","-8,798,000","4,685,000","-3,601,000","21,087,000","-2,065,000","-31,261,000","-25,009,000","2,026,000","-5,687,000","-34,965,000","-27,892,000","6,285,000","-6,899,000","5,597,000","2,536,000","-6,906,000","-6,561,000","-8,835,000",,,,,,,,,,,,,,"1,671,000",,,,,,,,,,,,,,,,,,,,,,,,,,,,,,,,,,,,,,,,,,,,,,,,,,,,,,,,,,,,,
	SpecialIncomeCharges,"-43,878,000","0","-34,895,000","0","-8,983,000","-3,994,000","-3,866,000","-24,500,000","-34,014,000","-106,662,000","0","0","0","0","0","0",,"-35,322,000","4,617,000","-50,202,000","-4,771,000","-18,679,000","-109,622,000","0","-6,643,000","-3,350,000","-4,762,000","-54,000","-287,000","-6,955,000",,,,,,,,,"-6,078,000","10,749,000","-12,464,000","7,793,000","-64,186,000","-6,522,000","-7,841,000","9,268,000","4,386,000","4,417,000","-5,031,000","-1,028,000","-1,441,000","-2,819,000","6,948,000","-1,775,000","30,293,000","-9,850,000","8,854,000","5,733,000","24,572,000","-6,461,000","-6,977,000","-6,481,000","23,570,000","-3,919,000","-62,156,000","-9,943,000","-3,559,000","2,912,000","4,432,000",,"0","0","0","0","-180,000",,,"-3,732,000","-10,052,000","168,000","-884,000","101,000","13,357,000","14,868,000","3,741,000","2,937,000","-9,669,000","-12,780,000","507,000","-340,000","-44,863,000",,,,"-800,000","-100,000","-100,000",,"-100,000","-300,000","-300,000","-200,000","-500,000","-200,000","-300,000",,"0","-200,000",,"200,000",,,,
		RestructuringAndMergernAcquisition,,,,,,,"276,000","17,489,000",,,,,,,,,,,,,,,,,,,,,,,,,,,,,,,,,,,,,,,,,,,,,,,,,,,,,,,,,,,,,,,,,,,,,,,,,,,,,,,,,,,,,,,,,,,,,,,,,,,,,,,,,,
		ImpairmentOfCapitalAssets,,,,,"0",,"4,919,000","17,489,000","34,014,000","106,662,000",,,,,"0","0",,"0","0","0","4,771,000","18,679,000","95,142,000",,,,,,,,,,,,,,,,,,,,,,,,,,,,,,,,,,,,,,,,,,,,,,,,,,,,,,,,,,,,,,,,,,,,,,,,,,,,,,,,,,,,,,,,,,,
		OtherSpecialCharges,,,"34,895,000",,"8,983,000","3,994,000","-1,329,000","7,011,000",,,,,,,"0",,,"35,322,000","-4,617,000","50,202,000","4,771,000","18,679,000","109,622,000",,"6,643,000","3,350,000","4,762,000","54,000","287,000","6,955,000",,,,,,,,,,,,,,,,,,,,,,,,,,,,,,,,,,,,,,,,,,,,,,,,,,,,,,,,,,,,,,,,,,,,,,,,,,,,,,,,,,,,
		GainOnSaleOfBusiness,,,"0",,"-8,983,000",,,,,,,,,,,,,,,,,,,,,,,,,,,,,,,,,,,,,,,,,,,,,,,,,,,,,,,,,,,,,,,,,,,,,,,,,,,,,,,,,,,,,,,,,,,,,,,,,,,,,,,,,,,,,
	OtherNonOperatingIncomeExpenses,"25,039,000","12,532,000","8,430,000","2,652,000","1,425,000","21,877,000","-8,951,000","-6,380,000","1,161,000","-17,938,000","570,000","-1,445,000","-3,083,000","-1,025,000","-2,169,000","937,000","-2,752,000","1,056,000","-4,480,000","-3,892,000","-4,317,000","-1,923,000","-5,561,000","612,000","2,686,000","6,586,000","505,000","-4,515,000","-1,876,000","-2,934,000","-9,878,000","-5,114,000","725,000","585,000","-1,357,000","749,000","-3,124,000","-1,082,000","-1,109,000",,,,,,,,,,,,,,,,,,,,,,,,,,,,,,,,,,,,,,,,,,,,,,,,,,,,,,,,,,,,,,,,,,,,,,,,,,,
PretaxIncome,"-263,323,000","-154,824,000","-119,374,000","19,169,000","-8,294,000","-76,824,000","-228,759,000","-143,584,000","-152,521,000","-175,188,000","67,909,000","108,519,000","79,609,000","48,959,000","41,519,000","116,757,000","105,787,000","37,095,000","110,077,000","119,638,000","129,358,000","51,482,000","3,561,000","164,159,000","128,640,000","83,104,000","61,446,000","112,982,000","79,261,000","41,999,000","18,396,000","58,364,000","44,979,000","-8,292,000","28,156,000","67,418,000","18,215,000","-27,379,000","-6,185,000","73,803,000","6,309,000","11,859,000","32,679,000","47,326,000","-82,573,000","1,486,000","23,549,000","42,160,000","15,911,000","369,000","13,290,000","16,970,000","37,295,000","29,641,000","4,184,000","14,595,000","54,345,000","-19,915,000","1,101,000","21,820,000","-5,202,000","-19,790,000","-20,158,000","13,325,000","-22,070,000","-12,108,000","-11,557,000","22,727,000",,,"-1,655,000","-1,756,000",,,"-552,000","-531,000","-451,000","-15,464,000","-18,160,000","6,445,000","-25,181,000",,"-8,846,000","21,901,000","5,390,000","392,000","-17,414,000","1,420,000","8,395,000","-4,723,000","-51,613,000","6,600,000","3,500,000","1,500,000","900,000","11,300,000","5,800,000","-2,200,000","-500,000","4,900,000","1,500,000","-4,800,000","-6,500,000","3,900,000","1,800,000",,,,,,,,,
TaxProvision,"-56,432,000","-32,015,000","-26,800,000","4,500,000","-2,117,000","-16,133,000","-66,199,000","-46,485,000","-45,617,000","-30,816,000","18,192,000","28,443,000","21,776,000","12,601,000","9,883,000","23,215,000","26,307,000","8,553,000","-62,053,000","45,072,000","48,925,000","14,570,000","1,619,000","61,705,000","49,070,000","31,638,000","23,546,000","42,953,000","30,427,000","16,116,000","7,297,000","22,789,000","17,652,000","-3,217,000","11,077,000","26,814,000","6,899,000","-10,234,000","-2,777,000","28,320,000","2,405,000","4,601,000","11,758,000","21,709,000","-32,531,000","631,000","-47,030,000","11,693,000","6,918,000","153,000","-21,733,000","-13,700,000","9,802,000","6,107,000","16,065,000","8,558,000","0","0","-2,206,000","2,243,000","-1,261,000","-7,898,000","-10,528,000","5,565,000","4,314,000","184,000","7,946,000","14,894,000",,,"0","0",,,"0","0","0","0","-3,105,000","0","5,904,000",,"1,313,000","9,855,000","2,426,000","176,000","3,000,000","1,638,000","3,777,000","-2,125,000","-16,918,000","3,100,000","1,600,000","700,000","700,000","5,200,000","2,900,000","-1,100,000","300,000","3,500,000","300,000","-2,400,000","-2,200,000","2,500,000","600,000",,,,,,,,,
NetIncomeCommonStockholders,"-206,891,000","-122,809,000","-92,574,000","14,669,000","-6,177,000","-60,691,000","-162,560,000","-97,099,000","-106,904,000","-144,372,000","49,717,000","80,076,000","57,833,000","36,358,000","31,636,000","93,542,000","79,480,000","28,542,000","172,130,000","74,566,000","80,433,000","36,912,000","1,942,000","102,454,000","79,570,000","51,466,000","37,900,000","70,029,000","48,834,000","25,883,000","11,099,000","35,575,000","27,327,000","-5,075,000","17,079,000","40,604,000","11,316,000","-17,145,000","-3,408,000","45,483,000","3,904,000","7,258,000","20,921,000","25,617,000","-50,042,000","855,000","70,579,000","30,467,000","8,993,000","216,000","35,023,000","30,670,000","27,493,000","23,534,000","-11,881,000","6,037,000","54,345,000","-19,915,000","3,307,000","19,577,000","-3,941,000","-11,892,000","-9,630,000","7,760,000","-26,384,000","-12,292,000","-19,503,000","7,833,000","1,399,000","-2,095,000","-1,655,000","-1,756,000","-2,587,000","-1,263,000","-552,000","-531,000","-451,000","-15,464,000","-15,055,000","6,445,000","-31,085,000","-18,580,000","-10,159,000","12,046,000","2,964,000","216,000","-20,414,000","-218,000","4,618,000","-2,598,000","-35,467,000","3,500,000","1,900,000","800,000","200,000","6,100,000","2,900,000","-1,100,000","-1,300,000","1,400,000","1,200,000","-2,400,000","-3,800,000","1,400,000","1,500,000","-600,000","-1,600,000","4,800,000","-500,000","-8,300,000","-1,600,000","-1,500,000","-1,500,000","-1,500,000"
	NetIncome,"-206,891,000","-122,809,000","-92,574,000","14,669,000","-6,177,000","-60,691,000","-162,560,000","-97,099,000","-106,904,000","-144,372,000","49,717,000","80,076,000","57,833,000","36,358,000","31,636,000","93,542,000","79,480,000","28,542,000","172,130,000","74,566,000","80,433,000","36,912,000","1,942,000","102,454,000","79,570,000","51,466,000","37,900,000","70,029,000","48,834,000","25,883,000","11,099,000","35,575,000","27,327,000","-5,075,000","17,079,000","40,604,000","11,316,000","-17,145,000","-3,408,000","45,483,000","3,904,000","7,258,000","20,921,000","25,617,000","-50,042,000","855,000","70,579,000","30,467,000","8,993,000","216,000","35,023,000","30,670,000","27,493,000","23,534,000","-11,881,000","6,037,000","54,345,000","-19,915,000","3,307,000","19,577,000","-3,941,000","-11,892,000","-9,630,000","7,760,000","-26,384,000","-12,292,000","-19,503,000","7,833,000","1,399,000","-2,095,000","-1,655,000","-1,756,000","-2,587,000","-1,263,000","-552,000","-531,000","-451,000","-15,464,000","-15,055,000","6,445,000","-31,085,000","-18,580,000","-10,159,000","12,046,000","2,964,000","216,000","-20,414,000","-218,000","4,618,000","-2,598,000","-35,467,000","3,500,000","1,900,000","800,000","200,000","6,100,000","2,900,000","-1,100,000","-1,300,000","1,400,000","1,200,000","-2,400,000","-3,800,000","1,400,000","1,500,000","-600,000","-1,600,000","4,800,000","-500,000","-8,300,000","-1,600,000","-1,500,000","-1,500,000","-1,500,000"
		NetIncomeIncludingNoncontrollingInterests,"-206,891,000","-122,809,000","-92,574,000","14,669,000","-6,177,000","-60,691,000","-162,560,000","-97,099,000","-106,904,000","-144,372,000","49,717,000","80,076,000","57,833,000","36,358,000","31,636,000","93,542,000","79,480,000","28,542,000","172,130,000","74,566,000","80,433,000","36,912,000","1,942,000","102,454,000","79,570,000","51,466,000","37,900,000","70,029,000","48,834,000","25,883,000","11,099,000","35,575,000","27,327,000","-5,075,000","17,079,000","40,604,000","11,316,000","-17,145,000","-3,408,000","45,483,000","3,904,000","7,258,000","20,921,000","25,617,000","-50,042,000","855,000","70,579,000","30,467,000","8,993,000","216,000","35,023,000","30,670,000","27,493,000","23,534,000","-11,881,000","6,037,000","54,345,000","-19,915,000","3,307,000","19,577,000","-3,941,000","-11,892,000","-9,630,000","7,760,000","-26,384,000","-12,292,000","-19,503,000","7,833,000","1,399,000","-2,095,000","-1,655,000","-1,756,000","-2,587,000","-1,263,000","-552,000","-531,000","-451,000","-15,464,000","-15,055,000","6,445,000","-31,085,000","-18,580,000","-10,159,000","12,046,000","2,964,000","216,000","-20,414,000","-218,000","4,618,000","-2,598,000","-35,467,000","3,500,000","1,900,000","800,000","200,000","6,100,000","2,900,000","-1,100,000","-1,300,000","1,400,000","1,200,000","-2,400,000","-3,800,000","1,400,000","1,500,000","-600,000","-1,600,000","4,800,000","-500,000","-8,300,000","-1,600,000","-1,500,000","-1,500,000","-1,500,000"
			NetIncomeContinuousOperations,"-206,891,000","-122,809,000","-92,574,000","14,669,000","-6,177,000","-60,691,000","-162,560,000","-97,099,000","-106,904,000","-144,372,000","49,717,000","80,076,000","57,833,000","36,358,000","31,636,000","93,542,000","79,480,000","28,542,000","172,130,000","74,566,000","80,433,000","36,912,000","1,942,000","102,454,000","79,570,000","51,466,000","37,900,000","70,029,000","48,834,000","25,883,000","11,099,000","35,575,000","27,327,000","-5,075,000","17,079,000","40,604,000","11,316,000","-17,145,000","-3,408,000","45,483,000","3,904,000","7,258,000","20,921,000","25,617,000","-50,042,000","855,000","70,579,000","30,467,000","8,993,000","216,000","35,023,000","30,670,000","27,493,000","23,534,000","-11,881,000","6,037,000","54,345,000","-19,915,000","3,307,000","19,577,000","-3,941,000","-11,892,000","-9,630,000","7,760,000","-26,384,000","-12,292,000","-19,503,000","7,833,000","1,399,000","-2,095,000","-1,655,000","-1,756,000","-2,587,000","-1,263,000","-552,000","-531,000","-451,000","-15,464,000","-15,055,000","6,445,000","-31,085,000","-18,580,000","-10,159,000","12,046,000","2,964,000","216,000","-20,414,000","-218,000","4,618,000","-2,598,000","-34,695,000","3,500,000","1,900,000","800,000","200,000","6,100,000","2,900,000","-1,100,000","-800,000","1,400,000","1,200,000","-2,400,000","-4,300,000","1,400,000","1,200,000","-600,000","-1,600,000","4,800,000","-500,000","-8,300,000","-1,600,000","-1,500,000","-1,500,000","-1,500,000"
			NetIncomeFromTaxLossCarryforward,,,,,,,,,,,,,,,,,,,,,,,,,,,,,,,,,,,,,,,,,,,,,,,,,,,,,,,,,,,,,,,,,,,,,,,,,,,,,,,,,,,,,,,,,,,,,,,,,,,,,,,"500,000",,"300,000",,,,,,,,,
DilutedNIAvailtoComStockholders,"-206,891,000","-122,809,000","-92,574,000","14,669,000","-6,177,000","-60,691,000","-162,560,000","-97,099,000","-106,904,000","-144,372,000","49,717,000","80,076,000","57,833,000","36,358,000","31,636,000","93,542,000","79,480,000","28,542,000","172,130,000","74,566,000","80,433,000","36,912,000","1,942,000","102,454,000","79,570,000","51,466,000","37,900,000","70,029,000","48,834,000","25,883,000","11,099,000","35,575,000","27,327,000","-5,075,000","17,079,000","40,604,000","11,316,000","-17,145,000","-3,408,000","45,483,000","3,904,000","7,258,000","20,921,000","25,617,000","-50,042,000","855,000","70,579,000","30,467,000","8,993,000","216,000","35,023,000","30,670,000","27,493,000","23,534,000","-11,881,000","6,037,000","54,345,000","-19,915,000","3,307,000","19,577,000","-3,941,000","-11,892,000","-9,630,000","7,760,000","-26,384,000","-12,292,000","-19,503,000","7,833,000","1,399,000","-2,095,000","-1,655,000","-1,756,000","-2,587,000","-1,263,000","-552,000","-531,000","-451,000","-15,464,000","-15,055,000","6,445,000","-31,085,000","-18,580,000","-10,159,000","12,046,000","2,964,000","216,000","-20,414,000","-218,000","4,618,000","-2,598,000","-35,467,000","3,500,000","1,900,000","800,000","200,000","6,100,000","2,900,000","-1,100,000","-1,300,000","1,400,000","1,200,000","-2,400,000","-3,800,000","1,400,000","1,500,000","-600,000","-1,600,000","4,800,000","-500,000","-8,300,000","-1,600,000","-1,500,000","-1,500,000","-1,500,000"
BasicEPS,,"-2.39","-1.81","0.29","-0.12","-1.23","-3.5","-2.11","-2.33","-3.14","1.07","1.7","1.21","0.75","0.65","1.85","1.57","0.56","3.31","1.4","1.5","0.69","0.2","1.92","1.48","0.96","0.71","1.3","0.89","0.47","0.2","0.66","0.51","-0.1","0.33","0.78","0.22","-0.33","-0.07","0.88","0.08","0.14","0.41","0.5","-0.99","0.02",,"0.6","0.17","0",,"0.6","0.53","0.46",,"0.13","1.14","-0.42",,"0.41","-0.08","-0.25",,"0.16","-0.56","-0.26",,"0.17","0.03","-0.07",,"-0.06","-0.09","-0.04",,"-0.02","-0.02","-0.55",,"0.23","-0.92","-0.54",,"0.36","0.09","0.01",,"-0.01","0.11","-0.06",,"0.09","0.05","0.02",,"0.15","0.07","-0.03",,"0.03","0.03","-0.06",,"0.05","0.06","-0.03",,"0.48","-0.05","-0.88",,"-0.16","-0.16","-0.16"
DilutedEPS,,"-2.39","-1.81","0.28","-0.12","-1.23","-3.5","-2.11","-2.33","-3.14","1.07","1.7","1.21","0.75","0.64","1.84","1.56","0.56","3.29","1.39","1.49","0.68","0.2","1.91","1.48","0.95","0.66","1.15","0.79","0.4","0.17","0.56","0.43","-0.1","0.31","0.76","0.21","-0.33","-0.07","0.86","0.07","0.14","0.4","0.5","-0.99","0.02",,"0.59","0.17","0",,"0.58","0.53","0.46",,"0.12","1.09","-0.42",,"0.41","-0.08","-0.25",,"0.16","-0.56","-0.26",,"0.16","0.03","-0.07",,"-0.06","-0.09","-0.04",,"-0.02","-0.02","-0.55",,"0.23","-0.92","-0.54",,"0.35","0.09","0.01",,"-0.01","0.11","-0.06",,"0.08","0.04","0.02",,"0.15","0.07","-0.03",,"0.03","0.03","-0.06",,"0.05","0.06","-0.03",,"0.48","-0.05","-0.88",,"-0.16","-0.16","-0.16"
BasicAverageShares,,"51,288,000","51,213,000","51,210,000","51,156,000","49,472,000","46,458,000","46,001,000","45,971,000","45,967,000","46,402,000","47,119,000","47,854,000","48,392,000","48,946,000","50,594,000","50,776,000","51,055,000","51,939,000","53,185,000","53,626,000","53,562,000","53,433,000","53,427,000","53,634,000","53,656,000","53,335,000","53,731,000","54,619,000","54,614,000","54,282,000","53,878,000","53,499,000","52,686,000","52,409,000","52,303,000","52,008,000","51,665,000","51,515,000","51,444,000","51,283,000","51,005,000","50,864,000","50,858,000","50,700,000","50,521,000",,"50,952,000","51,941,000","51,862,000",,"51,437,000","51,435,000","51,618,000",,"47,828,000","47,488,000","47,302,000",,"47,203,000","47,153,000","47,153,000",,"47,171,000","47,171,000","46,464,000",,"44,898,000","35,407,000","30,751,000",,"30,006,000","29,574,000","28,736,000",,"28,456,000","28,456,000","28,370,000",,"27,884,000","33,795,000","34,311,000",,"33,770,000","33,720,000","33,712,000",,"37,752,000","40,551,000","40,977,000",,"38,888,889","38,000,000","40,000,000",,"40,666,667","41,428,571","36,666,667",,"46,666,667","40,000,000","40,000,000",,"8,702,000","8,740,000","8,740,000",,"10,000,000","10,000,000","9,431,818",,"9,375,000","9,375,000","9,375,000"
DilutedAverageShares,,"51,288,000","51,213,000","51,825,000","51,156,000","49,472,000","46,458,000","46,001,000","45,971,000","45,967,000","46,658,000","47,236,000","47,889,000","48,429,000","49,163,000","50,731,000","50,878,000","51,199,000","52,263,000","53,509,000","53,914,000","53,980,000","53,910,000","53,588,000","53,853,000","53,955,000","57,591,000","60,828,000","61,855,000","64,926,000","66,225,000","63,050,000","62,847,000","52,686,000","54,360,000","53,512,000","53,071,000","51,665,000","51,515,000","52,623,000","52,457,000","52,303,000","52,087,000","51,430,000","50,700,000","51,968,000",,"51,661,000","53,140,000","53,235,000",,"52,764,000","51,855,000","51,671,000",,"52,078,000","49,796,000","47,302,000",,"47,305,000","47,153,000","47,153,000",,"47,251,000","47,171,000","46,464,000",,"58,999,000","49,929,000","30,751,000",,"30,006,000","29,574,000","28,736,000",,"28,456,000","28,456,000","28,370,000",,"28,306,000","33,795,000","34,311,000",,"34,536,000","34,314,000","33,750,000",,"37,752,000","41,543,000","40,977,000",,"43,750,000","47,500,000","40,000,000",,"40,666,667","41,428,571","36,666,667",,"46,666,667","40,000,000","40,000,000",,"8,702,000","8,740,000","8,740,000",,"10,000,000","10,000,000","9,431,818",,"9,375,000","9,375,000","9,375,000"
TotalOperatingIncomeAsReported,"-157,205,000","-147,805,000","-71,342,000","43,467,000","18,475,000","-73,164,000","-209,478,000","-121,073,000","-148,964,000","-168,096,000","69,284,000","116,636,000","88,881,000","52,676,000","69,349,000","115,826,000","92,928,000","36,265,000","100,178,000","173,751,000","142,549,000","67,294,000","10,869,000","173,855,000","118,870,000","91,868,000","108,846,000","154,677,000","91,416,000","71,164,000","77,332,000","106,169,000","51,594,000","10,037,000","33,848,000","74,434,000","37,391,000","-11,926,000","12,237,000","74,933,000","29,328,000","12,900,000","34,462,000","60,947,000","-70,181,000","-4,945,000","22,424,000","39,278,000","23,998,000","5,578,000","16,109,000","23,726,000","31,703,000","35,946,000","38,126,000","27,309,000","48,471,000","-22,008,000","-1,989,000","25,552,000","-599,000","-16,130,000","-13,948,000","12,696,000","9,017,000","-4,594,000","-10,269,000","17,936,000","-3,541,000","-2,095,000","-1,655,000","-1,757,000","-2,589,000","-1,264,000","-552,000","-531,000","-451,000","-13,559,000","-18,726,000","6,366,000",,,,,,,,,,,,,,,,,,,,,,,,,,,,,,,,,,
RentExpenseSupplemental,"237,626,000","60,887,000","58,627,000","63,094,000","55,018,000","49,509,000","42,979,000","40,386,000","37,563,000","56,770,000","60,976,000","63,879,000","62,229,000","61,442,000","64,105,000","64,995,000","61,049,000","62,715,000","64,881,000","66,184,000","61,991,000","61,471,000","61,969,000","61,817,000","55,044,000","53,822,000","53,169,000","54,272,000","52,065,000","51,202,000","49,371,000","50,361,000","47,751,000","46,841,000","47,199,000","49,571,000","47,915,000","45,166,000","47,211,000","48,146,000","46,082,000","42,970,000","41,287,000","45,147,000","48,495,000","50,399,000","47,796,000","45,134,000","40,390,000","37,234,000","115,061,000","12,074,000","13,759,000","12,494,000","-59,692,000","34,511,000","32,266,000","-31,982,000","-30,991,000","-32,150,000","-31,257,000","-31,125,000","-35,064,000","-33,661,000","-33,313,000","-33,273,000","-34,180,000","-32,639,000","-10,755,000",,,,,,"0",,,"-35,648,000","-33,035,000","-27,707,000","-24,899,000","-22,000,000","-19,868,000","-16,031,000","-13,737,000","-12,131,000","-10,266,000","-10,431,000","-9,837,000","-8,923,000","-9,140,000","-7,800,000","-7,200,000","-7,400,000","-7,500,000","-8,400,000","-7,300,000","-7,300,000","-6,800,000","-8,100,000","-8,700,000","-9,100,000",,,,,,,,,,,,
TotalExpenses,"2,039,803,000","625,019,000","566,080,000","465,381,000","383,323,000","255,381,000","353,457,000","179,566,000","174,954,000","600,336,000","638,853,000","638,515,000","623,308,000","604,075,000","628,116,000","643,261,000","622,519,000","593,825,000","586,371,000","545,808,000","528,015,000","528,212,000","512,962,000","497,982,000","475,720,000","459,312,000","465,308,000","477,061,000","479,879,000","469,116,000","497,507,000","533,293,000","524,126,000","514,821,000","498,037,000","524,864,000","496,537,000","502,680,000","480,749,000","474,389,000","455,223,000","422,594,000","329,499,000","394,912,000","465,196,000","269,756,000","225,784,000","222,483,000","211,111,000","218,330,000","50,821,000","257,753,000","232,783,000","227,690,000","434,294,000","243,587,000","206,189,000","524,930,000","492,535,000","478,611,000","465,969,000","443,285,000","470,943,000","438,801,000","399,871,000","428,387,000","444,290,000","413,347,000","143,044,000","4,190,000","3,310,000","3,514,000","5,178,000","2,528,000","1,104,000","1,062,000","902,000","352,643,000","363,808,000","346,874,000","263,336,000","234,815,000","235,626,000","226,278,000","215,947,000","207,996,000","208,078,000","211,984,000","198,135,000","188,259,000","172,541,000","171,900,000","158,700,000","146,800,000","135,900,000","143,400,000","139,300,000","136,100,000","126,700,000","135,700,000","139,600,000","141,800,000","241,200,000","96,600,000","93,000,000","93,700,000","93,600,000","87,500,000","85,000,000","83,000,000",,,,
NetIncomeFromContinuingAndDiscontinuedOperation,"-206,891,000","-122,809,000","-92,574,000","14,669,000","-6,177,000","-60,691,000","-162,560,000","-97,099,000","-106,904,000","-144,372,000","49,717,000","80,076,000","57,833,000","36,358,000","31,636,000","93,542,000","79,480,000","28,542,000","172,130,000","74,566,000","80,433,000","36,912,000","1,942,000","102,454,000","79,570,000","51,466,000","37,900,000","70,029,000","48,834,000","25,883,000","11,099,000","35,575,000","27,327,000","-5,075,000","17,079,000","40,604,000","11,316,000","-17,145,000","-3,408,000","45,483,000","3,904,000","7,258,000","20,921,000","25,617,000","-50,042,000","855,000","70,579,000","30,467,000","8,993,000","216,000","35,023,000","30,670,000","27,493,000","23,534,000","-11,881,000","6,037,000","54,345,000","-19,915,000","3,307,000","19,577,000","-3,941,000","-11,892,000","-9,630,000","7,760,000","-26,384,000","-12,292,000","-19,503,000","7,833,000","1,399,000","-2,095,000","-1,655,000","-1,756,000","-2,587,000","-1,263,000","-552,000","-531,000","-451,000","-15,464,000","-15,055,000","6,445,000","-31,085,000","-18,580,000","-10,159,000","12,046,000","2,964,000","216,000","-20,414,000","-218,000","4,618,000","-2,598,000","-34,695,000","3,500,000","1,900,000","800,000","200,000","6,100,000","2,900,000","-1,100,000","-800,000","1,400,000","1,200,000","-2,400,000","-4,300,000","1,400,000","1,200,000","-600,000","-1,600,000","4,800,000","-500,000","-8,300,000","-1,600,000","-1,500,000","-1,500,000","-1,500,000"
NormalizedIncome,"-172,416,368.851","-122,809,000","-65,513,084.474","14,669,000","515,335","-57,707,170","-159,814,887.108","-80,336,228","-82,931,202","-51,166,064","49,355,336.627","83,436,114","60,170,720","35,934,490","47,998,423.565","90,742,505","65,247,048","52,154,145","161,235,800","103,797,160","86,331,426","56,613,009","64,904,200","104,701,024","70,629,164","54,817,885","60,119,049.246","85,568,060","47,762,776","33,670,472","32,194,702.055","52,589,120","23,505,720","-852,812","13,683,945.198","39,077,328","15,604,626","-13,037,814","7,907,200","38,858,651.843","11,616,705.025","2,488,492.116","66,405,721.32","29,856,300","-45,290,091.725","-5,169,200","66,968,900","27,275,046.988","12,263,150","884,200","34,512,750","32,502,350","21,139,275.184","24,943,292.871","-26,483,900","12,439,500","45,491,000","-25,648,000","-12,664,800","25,373,837.626","1,344,727.989","-7,997,505.205","-23,772,000","10,111,400","10,909,600","-6,326,200","-17,367,600","6,085,800","-1,260,200","-2,095,000","-1,655,000","-1,756,000","-2,587,000","-1,263,000","-372,000","-531,000","-451,000","-11,732,000","-6,721,692.731","6,277,000","-30,554,600","-18,640,600","-18,173,200","3,125,200","719,400","-1,546,200","-14,612,600","7,450,000","4,313,800","-2,394,000","-4,537,446.961","3,500,000","1,900,000","800,000","680,000","6,160,000","2,960,000","-1,100,000","-740,000","1,580,000","1,440,000","-2,280,000","-3,969,230.769","1,520,000","1,400,000","-600,000","-1,600,000","4,920,000","-500,000","-8,420,000","-1,600,000","-1,500,000","-1,500,000","-1,500,000"
InterestIncome,"11,788,000","4,434,000","3,942,000","2,067,000","1,345,000","1,249,000","1,003,000","1,942,000","2,766,000","3,020,000","3,378,000","3,148,000","3,074,000","2,983,000","2,713,000","3,124,000","1,931,000","1,474,000","1,652,000","1,861,000","1,467,000","1,152,000","963,000","1,113,000","1,087,000","844,000","759,000","691,000","725,000","636,000","596,000","471,000","398,000","219,000","213,000","173,000","126,000","127,000","103,000","96,000","167,000","214,000","181,000","638,000","338,000","357,000","497,000","399,000","1,916,000","822,000","1,889,000","1,203,000","1,743,000","720,000","1,491,000","1,913,000","1,867,000",,,,,,,,,,,,,,,,,,,,,,,,,,,,,,,,,,,,,,,,,,,,,,,,,,,,,,,,,
InterestExpense,"108,050,000","23,985,000","25,509,000","29,017,000","29,539,000","23,009,000","13,174,000","10,765,000","7,300,000","5,964,000","5,817,000","5,267,000","6,043,000","6,245,000","6,900,000","6,625,000","5,272,000","6,317,000","5,430,000","5,162,000","5,629,000","6,243,000","6,915,000","7,820,000","8,447,000","10,779,000","12,641,000","12,808,000","12,743,000","14,225,000","14,689,000","15,270,000","14,023,000","12,234,000","10,145,000","10,474,000","9,272,000","7,937,000","1,253,000","11,975,000","10,722,000","9,048,000","930,000","7,737,000","4,889,000","3,194,000","4,926,000","1,934,000","4,972,000","5,003,000","5,493,000","5,140,000","4,770,000","5,250,000","5,399,000","4,777,000","4,847,000",,,,,,,,,,,,,,,,,,,,,,,,,,,,,,,,,,,,,,,,,,,,,,,,,,,,,,,,,
NetInterestIncome,"-96,262,000","-19,551,000","-21,567,000","-26,950,000","-28,194,000","-21,760,000","-12,171,000","-8,823,000","-4,534,000","-2,944,000","-2,439,000","-2,119,000","-2,969,000","-3,262,000","-4,187,000","-3,501,000","-3,341,000","-4,843,000","-3,778,000","-3,301,000","-4,162,000","-5,091,000","-5,952,000","-6,707,000","-7,360,000","-9,935,000","-11,882,000","-12,117,000","-12,018,000","-13,589,000","-14,093,000","-14,799,000","-13,625,000","-12,015,000","-9,932,000","-10,301,000","-9,146,000","-7,810,000","-1,150,000","-11,879,000","-10,555,000","-8,834,000","-749,000","-7,099,000","-4,551,000","-2,837,000","-4,429,000","-1,535,000","-3,056,000","-4,181,000","-3,604,000","-3,937,000","-3,027,000","-4,530,000","-3,908,000","-2,864,000","-2,980,000",,,,,,,,,,,,,,,,,,,,,,,,,,,,,,,,,,,,,,,,,,,,,,,,,,,,,,,,,
EBIT,"-155,273,000","-130,839,000","-93,865,000","48,186,000","21,245,000","-53,815,000","-215,585,000","-132,819,000","-145,221,000","-169,224,000","73,726,000","113,786,000","85,652,000","55,204,000","48,419,000","123,382,000","111,059,000","43,412,000","115,507,000","124,800,000","134,987,000","57,725,000","10,476,000","171,979,000","137,087,000","93,883,000","74,087,000","125,790,000","92,004,000","56,224,000","33,085,000","73,634,000","59,002,000","3,942,000","38,301,000","77,892,000","27,487,000","-19,442,000","-4,932,000","85,778,000","17,031,000","20,907,000","33,609,000","55,063,000","-77,684,000","4,680,000","28,475,000","44,094,000","20,883,000","5,372,000","18,783,000","22,110,000","42,065,000","34,891,000","9,583,000","19,372,000","59,192,000","-273,711,000","-241,850,000","-206,104,000","-221,785,000","-228,094,000","-244,661,000","-209,032,000","-177,593,000","-218,666,000","-233,975,000","-189,261,000","-73,122,000","-4,190,000","-3,310,000","-3,514,000","-5,178,000","-2,528,000","-1,104,000","-1,062,000","-902,000","-195,579,000","-197,156,000","-167,627,000","-115,336,000","-96,676,000","-94,552,000","-59,853,000","-59,909,000","-59,951,000","-61,348,000","-42,083,000","-43,578,000","-52,226,000","-51,064,000","-36,900,000","-36,400,000","-36,800,000","-34,300,000","-27,900,000","-30,300,000","-35,800,000","-31,400,000","-30,400,000","-35,700,000","-42,100,000","-148,100,000","4,500,000","3,100,000","300,000","-1,100,000","5,900,000","500,000","-7,500,000","-73,100,000","22,300,000","22,300,000","22,300,000"
EBITDA,"-155,273,000"
ReconciledCostOfRevenue,"2,005,182,000","568,875,000","512,354,000","492,540,000","431,413,000","221,010,000","317,404,000","157,840,000","151,145,000","530,884,000","568,016,000","563,168,000","552,931,000","535,160,000","561,053,000","572,632,000","549,619,000","522,895,000","510,099,000","476,293,000","462,669,000","463,029,000","447,957,000","436,937,000","411,564,000","396,298,000","465,478,000","398,180,000","402,517,000","391,283,000","426,014,000","454,574,000","447,392,000","436,816,000","426,836,000","447,932,000","422,574,000","425,821,000","759,827,000","286,917,000","270,610,000","248,346,000","-112,034,000","239,659,000","246,310,000","120,801,000","87,752,000","85,930,000","81,771,000","83,127,000","-73,491,000","134,407,000","111,796,000","105,255,000","277,022,000","134,531,000","135,385,000","243,759,000","159,552,000","223,422,000","212,267,000","201,291,000","179,483,000","203,409,000","195,251,000","194,327,000","187,041,000","173,497,000","58,826,000","2,095,000","1,655,000","1,757,000","2,589,000","1,264,000","552,000","531,000","451,000","148,145,000","154,096,000","138,524,000","141,133,000","123,980,000","126,143,000","129,891,000","119,561,000","119,832,000","124,174,000","124,416,000","118,375,000","112,075,000","105,246,000","100,600,000","91,200,000","83,100,000","79,200,000","81,600,000","81,200,000","79,400,000","74,100,000","78,700,000","81,800,000","83,100,000","64,300,000","83,300,000","78,500,000","78,200,000","76,800,000","75,800,000","72,000,000","68,700,000",,,,
ReconciledDepreciation,,,,,,,,,,,,,,,,,,,,,,,,,,,,,,,,,,,,,,,,"22,983,000","21,553,000","19,151,000","18,459,000","17,496,000","15,604,000","14,703,000","14,876,000","14,452,000","14,397,000","13,987,000","13,463,000","13,408,000","13,054,000","12,723,000","12,982,000","11,922,000","11,755,000","-12,019,000","61,917,000","-11,958,000","-11,169,000","-10,226,000","-7,984,000","-7,156,000","-6,961,000","-6,764,000","9,407,000","8,067,000","2,256,000",,"0","0","0","0","0","0","0","1,813,000","2,397,000","10,061,000","-1,915,000","-1,966,000","-2,806,000","-4,120,000","-3,482,000","-3,575,000","-4,217,000","-4,115,000","-4,057,000","-3,932,000","-4,639,000","-4,700,000","-4,200,000","-3,600,000","-3,200,000","-3,300,000","-3,400,000","-2,700,000","-2,900,000","-2,500,000","-2,700,000","-2,600,000","-2,600,000","-2,300,000","-1,900,000","-1,900,000","-2,200,000","-2,000,000","-1,900,000","-1,900,000",,,,
NetIncomeFromContinuingOperationNetMinorityInterest,"-206,891,000","-122,809,000","-92,574,000","14,669,000","-6,177,000","-60,691,000","-162,560,000","-97,099,000","-106,904,000","-144,372,000","49,717,000","80,076,000","57,833,000","36,358,000","31,636,000","93,542,000","79,480,000","28,542,000","172,130,000","74,566,000","80,433,000","36,912,000","1,942,000","102,454,000","79,570,000","51,466,000","37,900,000","70,029,000","48,834,000","25,883,000","11,099,000","35,575,000","27,327,000","-5,075,000","17,079,000","40,604,000","11,316,000","-17,145,000","-3,408,000","45,483,000","3,904,000","7,258,000","20,921,000","25,617,000","-50,042,000","855,000","70,579,000","30,467,000","8,993,000","216,000","35,023,000","30,670,000","27,493,000","23,534,000","-11,881,000","6,037,000","54,345,000","-19,915,000","3,307,000","19,577,000","-3,941,000","-11,892,000","-9,630,000","7,760,000","-26,384,000","-12,292,000","-19,503,000","7,833,000","1,399,000","-2,095,000","-1,655,000","-1,756,000","-2,587,000","-1,263,000","-552,000","-531,000","-451,000","-15,464,000","-15,055,000","6,445,000","-31,085,000","-18,580,000","-10,159,000","12,046,000","2,964,000","216,000","-20,414,000","-218,000","4,618,000","-2,598,000","-34,695,000","3,500,000","1,900,000","800,000","200,000","6,100,000","2,900,000","-1,100,000","-800,000","1,400,000","1,200,000","-2,400,000","-4,300,000","1,400,000","1,200,000","-600,000","-1,600,000","4,800,000","-500,000","-8,300,000","-1,600,000","-1,500,000","-1,500,000","-1,500,000"
TotalUnusualItemsExcludingGoodwill,"-43,878,000","0","-34,895,000","0","-8,983,000","-3,777,000","-3,863,000","-24,797,000","-34,198,000","-113,114,000","494,000","-4,553,000","-3,220,000","570,000","-21,474,000","3,495,000","18,952,000","-30,705,000","18,157,000","-46,920,000","-9,483,000","-27,477,000","-104,937,000","-3,601,000","14,444,000","-5,415,000","-36,023,000","-25,063,000","1,739,000","-12,642,000","-34,965,000","-27,892,000","6,285,000","-6,899,000","5,597,000","2,536,000","-6,906,000","-6,561,000","-17,408,000","10,749,000","-12,464,000","7,793,000","-71,048,000","-6,522,000","-7,841,000","9,268,000","5,554,000","4,417,000","-5,031,000","-1,028,000","785,000","-2,819,000","8,619,000","-1,775,000","22,466,000","-9,850,000","8,854,000","5,733,000","24,572,000","-6,461,000","-6,977,000","-6,481,000","23,570,000","-3,919,000","-62,156,000","-9,943,000","-3,559,000","2,912,000","4,432,000",,"0","0","0","0","-180,000",,,"-3,732,000","-10,052,000","168,000","-884,000","101,000","13,357,000","14,868,000","3,741,000","2,937,000","-9,669,000","-12,780,000","507,000","-340,000","-44,863,000",,,,"-800,000","-100,000","-100,000",,"-100,000","-300,000","-300,000","-200,000","-500,000","-200,000","-300,000",,"0","-200,000",,"200,000",,,,
TotalUnusualItems,"-43,878,000","0","-34,895,000","0","-8,983,000","-3,777,000","-3,863,000","-24,797,000","-34,198,000","-113,114,000","494,000","-4,553,000","-3,220,000","570,000","-21,474,000","3,495,000","18,952,000","-30,705,000","18,157,000","-46,920,000","-9,483,000","-27,477,000","-104,937,000","-3,601,000","14,444,000","-5,415,000","-36,023,000","-25,063,000","1,739,000","-12,642,000","-34,965,000","-27,892,000","6,285,000","-6,899,000","5,597,000","2,536,000","-6,906,000","-6,561,000","-17,408,000","10,749,000","-12,464,000","7,793,000","-71,048,000","-6,522,000","-7,841,000","9,268,000","5,554,000","4,417,000","-5,031,000","-1,028,000","785,000","-2,819,000","8,619,000","-1,775,000","22,466,000","-9,850,000","8,854,000","5,733,000","24,572,000","-6,461,000","-6,977,000","-6,481,000","23,570,000","-3,919,000","-62,156,000","-9,943,000","-3,559,000","2,912,000","4,432,000",,"0","0","0","0","-180,000",,,"-3,732,000","-10,052,000","168,000","-884,000","101,000","13,357,000","14,868,000","3,741,000","2,937,000","-9,669,000","-12,780,000","507,000","-340,000","-44,863,000",,,,"-800,000","-100,000","-100,000",,"-100,000","-300,000","-300,000","-200,000","-500,000","-200,000","-300,000",,"0","-200,000",,"200,000",,,,
NormalizedEBITDA,"-111,395,000","-130,839,000","-58,970,000","48,186,000","30,228,000","-50,038,000","-211,722,000","-108,022,000","-111,023,000","-56,110,000","73,232,000","118,339,000","88,872,000","54,634,000","69,893,000","119,887,000","92,107,000","74,117,000","97,350,000","171,720,000","144,470,000","85,202,000","115,413,000","175,580,000","122,643,000","99,298,000","110,110,000","150,853,000","90,265,000","68,866,000","68,050,000","101,526,000","52,717,000","10,841,000","32,704,000","75,356,000","34,393,000","-12,881,000","12,476,000","98,012,000","51,048,000","32,265,000","123,116,000","79,081,000","-54,239,000","10,115,000","37,797,000","54,129,000","40,311,000","20,387,000","31,461,000","38,337,000","46,500,000","49,389,000","99,000","41,144,000","62,093,000","-267,425,000","-204,505,000","-187,685,000","-203,639,000","-211,387,000","-260,247,000","-197,957,000","-108,476,000","-201,959,000","-221,009,000","-184,106,000","-75,298,000","-4,190,000","-3,310,000","-3,514,000","-5,178,000","-2,528,000","-924,000","-1,062,000","-902,000","-190,034,000","-184,707,000","-157,734,000","-112,537,000","-94,811,000","-105,103,000","-70,601,000","-60,168,000","-59,313,000","-47,462,000","-25,188,000","-40,028,000","-47,954,000","-1,562,000","-32,200,000","-32,200,000","-33,200,000","-30,300,000","-24,500,000","-26,800,000","-33,100,000","-28,400,000","-27,500,000","-32,700,000","-39,300,000","-145,000,000","6,800,000","5,300,000","2,200,000","1,100,000","8,000,000","2,400,000","-5,800,000","-73,100,000","22,300,000","22,300,000","22,300,000"
TaxRateForCalcs,"0.214","0.207","0.225","0.235","0.255","0.21","0.289","0.324","0.299","0.176","0.268","0.262","0.274","0.257","0.238","0.199","0.249","0.231","0.4","0.377","0.378","0.283","0.4","0.376","0.381","0.381","0.383","0.38","0.384","0.384","0.397","0.39","0.392","0.388","0.393","0.398","0.379","0.374","0.35","0.384","0.381","0.388","0.36","0.35","0.394","0.35","0.35","0.277","0.35","0.35","0.35","0.35","0.263","0.206","0.35","0.35","0","0","0.35","0.103","0.242","0.399","0.4","0.4","0.4","0.4","0.4","0.4","0.4","0.4","0","0","0.4","0.4","0","0","0","0","0.171","0","0.4","0.4","0.4","0.4","0.4","0.4","0.4","0.4","0.4","0.4","0.328","0.4","0.4","0.4","0.4","0.4","0.4","0.4","0.4","0.4","0.2","0.4","0.338","0.4","0.333","0.4","0.4","0.4","0.4","0.4","0.4","0.4","0.4","0.4"
TaxEffectOfUnusualItems,"-9,403,368.851","0","-7,834,084.474","0","-2,290,665","-793,170","-1,117,887.108","-8,034,228","-10,225,202","-19,908,064","132,336.627","-1,192,886","-882,280","146,490","-5,111,576.435","695,505","4,719,048","-7,092,855","7,262,800","-17,688,840","-3,584,574","-7,775,991","-41,974,800","-1,353,976","5,503,164","-2,063,115","-13,803,950.754","-9,523,940","667,776","-4,854,528","-13,869,297.945","-10,877,880","2,463,720","-2,676,812","2,201,945.198","1,009,328","-2,617,374","-2,453,814","-6,092,800","4,124,651.843","-4,751,294.975","3,023,492.116","-25,563,278.68","-2,282,700","-3,089,091.725","3,243,800","1,943,900","1,225,046.988","-1,760,850","-359,800","274,750","-986,650","2,265,275.184","-365,707.129","7,863,100","-3,447,500","0","0","8,600,200","-664,162.374","-1,691,272.011","-2,586,505.205","9,428,000","-1,567,600","-24,862,400","-3,977,200","-1,423,600","1,164,800","1,772,800","0","0","0","0","0","0","0","0","0","-1,718,692.731","0","-353,600","40,400","5,342,800","5,947,200","1,496,400","1,174,800","-3,867,600","-5,112,000","202,800","-136,000","-14,705,446.961","0","0","0","-320,000","-40,000","-40,000","0","-40,000","-120,000","-60,000","-80,000","-169,230.769","-80,000","-100,000","0","0","-80,000","0","80,000","0","0","0","0"