name,ttm,03/31/2022,12/31/2021,09/30/2021,06/30/2021,03/31/2021,12/31/2020,09/30/2020,06/30/2020,03/31/2020,12/31/2019,09/30/2019,06/30/2019,03/31/2019,12/31/2018,09/30/2018,06/30/2018,03/31/2018,12/31/2017,09/30/2017,06/30/2017,03/31/2017,12/31/2016,09/30/2016,06/30/2016,03/31/2016,12/31/2015,09/30/2015,06/30/2015,03/31/2015,12/31/2014,09/30/2014,06/30/2014,03/31/2014,12/31/2013,09/30/2013,06/30/2013,03/31/2013,12/31/2012,09/30/2012,06/30/2012,03/31/2012,12/31/2011,09/30/2011,06/30/2011,03/31/2011,12/31/2010,09/30/2010,06/30/2010,03/31/2010,12/31/2009,09/30/2009,06/30/2009,03/31/2009,12/31/2008,09/30/2008,06/30/2008,03/31/2008,12/31/2007,09/30/2007,06/30/2007,03/31/2007,12/31/2006,09/30/2006,06/30/2006,03/31/2006,12/31/2005,09/30/2005,06/30/2005,03/31/2005,12/31/2004,09/30/2004,06/30/2004,03/31/2004,12/31/2003,09/30/2003,06/30/2003,03/31/2003,12/31/2002,09/30/2002,06/30/2002,03/31/2002
TotalRevenue,"471,567,000","117,279,000","102,003,000","115,830,000","136,455,000","89,022,000","121,703,000","65,316,000","55,221,000","25,354,000","53,665,000","46,230,000","39,148,000","56,949,000","60,232,000","25,556,000","35,202,000","30,872,000","189,564,000","63,731,000","33,750,000","29,568,000","39,003,000","31,853,000","33,336,000","42,499,000","52,227,000","20,780,000","43,384,000","18,666,000","30,377,000","14,606,000","18,385,000","11,966,000","12,498,933","16,013,164","14,453,810","11,833,540","21,793,549","5,334,323","7,757,175","7,440,179","2,411,167","22,942,428","23,188,948","7,543,894","3,572,524","3,396,507","3,213,353","3,441,731","6,443,893","3,028,885","1,426,156","2,772,371","3,062,176","2,462,226","1,434,219","1,805,518","1,337,909","942,881","708,516","810,215","426,326","362,477","119,662","73,281","55,862","25,644","45,703",,,,,,"2,319","12,606","7,960","2,820","34,333","16,741","7,827","28,868"
	OperatingRevenue,"471,567,000","117,279,000","102,003,000","115,830,000","136,455,000","89,022,000","121,703,000","65,316,000","55,221,000","25,354,000","53,665,000","46,230,000","39,148,000","56,949,000","60,232,000","25,556,000","35,202,000","30,872,000","189,564,000","63,731,000","33,750,000","29,568,000","39,003,000","31,853,000","33,336,000","42,499,000","52,227,000","20,780,000","43,384,000","18,666,000","30,377,000","14,606,000","18,385,000","11,966,000","12,498,933","16,013,164","14,453,810","11,833,540","21,793,549","5,334,323","7,757,175","7,440,179","2,411,167","22,942,428","23,188,948","7,543,894","3,572,524","3,396,507","3,213,353","3,441,731","6,443,893","3,028,885","1,426,156","2,772,371","3,062,176","2,462,226","1,434,219","1,805,518","1,337,909","942,881","708,516","187,086","426,326","362,477","119,662","73,281","55,862","25,644","45,703",,,,,,"25,705","0","0","0","34,333","16,741","7,827","25,000"
CostOfRevenue,"79,116,000","15,922,000","21,587,000","18,589,000","23,018,000","18,219,000","26,272,000","5,568,000","5,740,000","5,787,000","16,687,000","22,333,000","1,877,000","4,649,000","5,622,000","626,000","836,000","3,052,000","7,488,000","8,332,000","7,788,000","7,544,000","8,002,000","9,134,000","8,308,000","7,762,000","8,427,000","6,180,000","8,144,000","6,494,000","6,147,000","5,141,000","5,924,000","5,520,000","3,540,128","682,713","1,283,949","738,971","653,884","226,635","143,120","70,761","56,159","11,723","178,235","11,717","888,870","7,214","83,539","5,660","159,952","102,638","45,097","4,204","127,288","130,720","37,126","37,190","29,229","59,454","75,518","76,228","41,399","356,093","16,538","22,959","20,853","10,091","21,024",,,,,,"13,988","9,022","676","817","35,784","3,623","7,472","2,795"
GrossProfit,"392,451,000","101,357,000","80,416,000","97,241,000","113,437,000","70,803,000","95,431,000","59,748,000","49,481,000","19,567,000","36,978,000","23,897,000","37,271,000","52,300,000","54,610,000","24,930,000","34,366,000","27,820,000","182,076,000","55,399,000","25,962,000","22,024,000","31,001,000","22,719,000","25,028,000","34,737,000","43,800,000","14,600,000","35,240,000","12,172,000","24,230,000","9,465,000","12,461,000","6,446,000","8,958,805","15,330,451","13,169,861","11,094,569","21,139,665","5,107,688","7,614,055","7,369,418","2,355,008","22,930,705","23,010,713","7,532,177","2,683,654","3,389,293","3,129,814","3,436,071","6,283,941","2,926,247","1,381,059","2,768,167","2,934,888","2,331,506","1,397,093","1,768,328","1,308,680","883,427","632,998","733,987","384,927","6,384","103,124","50,322","35,009","15,553","24,679",,,,,,"-11,669","3,584","7,284","2,003","-1,451","13,118","355","26,073"
OperatingExpense,"91,614,000","25,687,000","23,882,000","21,655,000","20,390,000","20,068,000","17,807,000","19,449,000","19,926,000","22,790,000","69,040,000","48,434,000","51,248,000","49,334,000","54,681,000","50,404,000","54,439,000","51,532,000","56,147,000","47,322,000","51,440,000","49,550,000","53,576,000","45,462,000","46,751,000","50,906,000","38,335,000","37,837,000","31,009,000","26,083,000","28,081,000","28,491,000","27,401,000","31,665,000","30,282,165","33,824,307","35,290,509","29,590,342","25,546,778","25,137,525","21,662,153","22,509,816","20,783,126","17,777,872","19,914,782","17,191,763","20,567,421","15,822,934","15,281,892","15,224,217","18,960,139","16,865,847","18,464,779","17,526,909","19,961,835","13,531,225","12,771,663","12,601,794","11,236,110","9,193,080","6,465,712","4,814,398","5,053,732","3,832,421","3,518,097","3,723,362","3,614,060","3,781,351","2,970,337","3,270,911","2,527,940","3,263,231","2,089,126","1,207,552","43,049","13,046","12,133","11,077","19,410","25,728","18,629","13,715"
	SellingGeneralAndAdministration,"53,098,000","13,834,000","13,774,000","13,169,000","12,321,000","11,059,000","10,427,000","11,702,000","10,975,000","12,632,000","23,929,000","17,979,000","17,338,000","18,006,000","18,031,000","14,864,000","14,353,000","13,556,000","14,771,000","13,329,000","13,101,000","12,615,000","12,227,000","11,599,000","11,221,000","10,806,000","10,589,000","10,226,000","9,814,000","9,399,000","8,353,000","8,587,000","8,752,000","10,250,000","9,356,971","8,135,118","7,299,754","7,555,905","6,979,034","5,634,034","5,580,424","6,618,707","5,866,921","4,263,520","4,567,666","3,405,966","4,634,392","3,374,069","3,357,486","3,757,013","4,109,845","3,703,099","3,903,642","3,486,822","3,179,353","3,450,450","3,846,175","4,157,603","3,947,650","2,840,683","2,381,827","1,985,034","2,374,984","1,403,405","1,603,172","1,531,292","1,202,481","608,090","797,388","808,621","827,178","664,896","567,550","510,971",,,,,,,,
	ResearchAndDevelopment,"38,516,000","11,853,000","10,108,000","8,486,000","8,069,000","9,009,000","7,380,000","7,747,000","8,951,000","10,158,000","45,111,000","30,455,000","33,910,000","31,328,000","36,650,000","35,540,000","40,086,000","37,976,000","41,376,000","33,993,000","38,339,000","36,935,000","41,349,000","33,863,000","35,530,000","40,100,000","27,746,000","27,611,000","21,195,000","16,684,000","19,728,000","19,904,000","18,649,000","21,415,000","20,925,194","25,689,189","27,990,755","22,034,437","18,567,744","19,503,491","16,081,729","15,891,109","14,916,205","13,514,352","15,347,116","13,785,797","15,933,029","12,448,865","11,924,406","11,467,204","14,850,294","13,162,748","14,561,137","14,040,087","16,782,482","10,080,775","8,925,488","8,444,191","7,288,460","6,352,397","4,083,885","2,829,364","2,678,748","2,429,016","1,914,925","2,192,070","2,411,579","3,173,261","2,172,949","2,462,290","1,700,762","2,598,335","1,521,576","696,581",,,,,,,,
OperatingIncome,"300,837,000","75,670,000","56,534,000","75,586,000","93,047,000","50,735,000","77,624,000","40,299,000","29,555,000","-3,223,000","-32,062,000","-24,537,000","-13,977,000","2,966,000","-71,000","-25,474,000","-20,073,000","-23,712,000","125,929,000","8,077,000","-25,478,000","-27,526,000","-22,575,000","-22,743,000","-21,723,000","-16,169,000","5,465,000","-23,237,000","4,231,000","-13,911,000","-3,851,000","-19,026,000","-14,940,000","-25,219,000","-21,323,360","-18,493,856","-22,120,648","-18,495,773","-4,407,113","-20,029,837","-14,048,098","-15,140,398","-18,428,118","5,152,833","3,095,931","-9,659,586","-17,883,767","-12,433,641","-12,152,078","-11,788,146","-12,676,198","-13,939,600","-17,083,720","-14,758,742","-17,026,947","-11,199,719","-11,374,570","-10,833,466","-9,927,430","-8,309,653","-5,832,714","-4,080,411","-4,668,805","-3,826,037","-3,414,973","-3,673,040","-3,579,051","-3,765,798","-2,945,658","-3,270,911","-2,527,940","-3,263,231","-2,089,126","-1,207,552","-54,718","-9,462","-4,849","-9,074","-20,861","-12,610","-18,274","12,358"
NetNonOperatingInterestIncomeExpense,"-7,320,000","-1,759,000","-2,055,000","-1,754,000","-1,752,000","-1,965,000","-5,036,000","-4,990,000","-5,004,000","-5,348,000","-3,731,000","-2,078,000","-2,613,000","-3,205,000","-3,755,000","-4,286,000","-4,770,000","-5,230,000","-5,458,000","-5,538,000","-5,540,000","-5,448,000","-5,599,000","-5,253,000","-5,249,000","-3,876,000","-1,302,000","-1,301,000","-1,299,000","-1,299,000","-1,378,000","-1,376,000","-1,451,000","-1,376,000","-727,628","-849,936","-848,995","-847,584","-13,159","23,991","26,979","21,217","6,944","12,360","20,357","23,869","23,126","24,065","1,155","669","11,346","29,318","23,695","33,378",,,,,,,,,,,,,,,,,,,,,,,,,,,,
	InterestIncomeNonOperating,,,,,,,,,,,,,,,,,,,,,,,,,,,,,,,,,,,,,,,"-13,159","23,991",,,,,,,,,,,"11,346","29,318","23,695","33,378",,,,,,,,,,,,,,,,,,,,,,,,,,,,
	InterestExpenseNonOperating,"7,320,000","1,759,000","2,055,000","1,754,000","1,752,000","1,965,000","5,036,000","4,990,000","5,004,000","5,348,000","3,731,000","2,078,000","2,613,000","3,205,000","3,755,000","4,286,000","4,770,000","5,230,000","5,458,000","5,538,000","5,540,000","5,448,000","5,599,000","5,253,000","5,249,000","3,876,000","1,302,000","1,301,000","1,299,000","1,299,000","1,378,000","1,376,000","1,451,000","1,376,000","727,628","849,936","848,995","847,584",,,,,,,,,,,,,,,,,,,,,,,,,,,,,,,,,,,,,,,,,,,,
	TotalOtherFinanceCost,,,,,,,,,,,,,,,,,,,,,,,,,,,,,,,,,,,,,,,,"-23,991","-26,979","-21,217","-6,944","-12,360","-20,357","-23,869","-23,126","-24,065","-1,155","-669",,,,,,,,,,,,,,,,,,,,,,,,,,,,,,,,
OtherIncomeExpense,"1,324,000","498,000","331,000","274,000","221,000","-20,684,000","661,000","961,000","1,324,000","2,479,000","1,333,000","1,613,000","1,983,000","2,057,000","2,017,000","1,910,000","1,983,000","1,668,000","1,080,000","790,000","435,000","287,000","366,000","334,000","397,000","229,000","155,000","78,000","87,000","102,000","-45,000","122,000","118,000","47,000","64,685","51,424","58,132","54,988",,,,,,,,,,,,,,,,,,,,,,,,"1,346,236",,"175,000","182,182","182,846","65,564","65,322","77,324","77,834","48,826","10,086","14,429","-76,870",,,,,"-25,080",,,"4"
	GainOnSaleOfSecurity,"1,324,000","498,000","331,000","274,000","221,000","276,000","661,000","961,000","1,324,000","2,479,000","1,333,000","1,613,000","1,983,000","2,057,000","2,017,000","1,910,000","1,983,000","1,668,000","1,080,000","790,000","435,000","287,000","366,000","334,000","397,000","229,000","155,000","78,000","87,000","102,000","-45,000","122,000","118,000","47,000","64,685","51,424","58,132","54,988",,,,,,,,,,,,,,,,,,,,,,,,,,,,,,,,,,,,,,,,,,,,
	SpecialIncomeCharges,"0","0","0","0","0","-20,960,000",,,,,,,,,,,,,,,,,,,,,,,,,,,,,,,,,,,,,,,,,,,,,,,,,,,,,,,,"1,346,236",,"175,000","182,182","182,846","65,564","65,322","77,324","77,834","48,826","10,086","14,429","-76,870",,"0","0","0","-25,080","0","0","4"
		OtherSpecialCharges,,,"0",,,"20,960,000",,,,,,,,,,,,,,,,,,,,,,,,,,,,,,,,,,,,,,,,,,,,,,,,,,,,,,,,,,,,,,,,,,,,,,,,,,,,
PretaxIncome,"294,841,000","74,409,000","54,810,000","74,106,000","91,516,000","28,086,000","73,249,000","36,270,000","25,875,000","-6,092,000","-34,460,000","-25,002,000","-14,607,000","1,818,000","-1,809,000","-27,850,000","-22,860,000","-27,274,000","121,551,000","3,329,000","-30,583,000","-32,687,000","-27,808,000","-27,662,000","-26,575,000","-19,816,000","4,318,000","-24,460,000","3,019,000","-15,108,000","-5,274,000","-20,280,000","-16,273,000","-26,548,000","-21,986,303","-19,292,368","-22,911,511","-19,288,369","-4,405,856",,,,,,,,,,,,,,,,,,,,,,,"-3,357,304",,,,"-3,490,194","-3,513,487","-3,700,476","-2,868,334","-3,193,077",,"-3,253,145","-2,074,697","-1,284,422",,"-9,462","-4,849","-9,074","-47,886","-12,610","-18,274","12,362"
TaxProvision,"-140,082,000","14,301,000","-11,960,000","-142,481,000","58,000","191,000","85,000","63,000","58,000","11,000","-63,000","13,000","17,000","22,000","317,000","0","33,000","187,000","-2,331,000","580,000","180,000","210,000","-422,000","1,284,000","300,000",,,,,,,,,,,,,,,,,,,,,,,,,,,,,,,,,,,,,,,,,,,,,,,,,"0",,"0","0","800","0","0","-2,200","3,000"
NetIncomeCommonStockholders,"434,923,000","60,108,000","66,770,000","216,587,000","91,458,000","27,895,000","73,164,000","36,207,000","25,817,000","-6,103,000","-34,397,000","-25,015,000","-14,624,000","1,796,000","-2,126,000","-27,850,000","-22,893,000","-27,461,000","123,882,000","2,749,000","-30,763,000","-32,897,000","-27,386,000","-28,946,000","-26,875,000","-19,816,000","4,318,000","-24,460,000","3,019,000","-15,108,000","-5,274,000","-20,280,000","-16,273,000","-26,548,000","-21,986,303","-19,292,368","-22,911,511","-19,288,369","-4,405,856","-20,005,846","-14,021,119","-15,119,181","-18,415,614","5,165,193","3,116,288","-9,635,717","-16,893,674","-12,409,576","-12,150,923","-11,787,477","-12,664,852","-13,910,282","-17,060,025","-14,725,364","-16,825,654","-10,872,158","-11,002,390","-9,953,997","-8,708,391","-7,028,782","-4,801,707","-3,357,304","-4,377,963","-3,651,037","-3,232,791","-3,490,194","-3,513,487","-3,700,476","-2,868,334","-3,193,077","-2,479,112","-3,253,145","-2,074,697","-1,284,422","-53,918","-9,462","-4,849","-9,874","-45,941","-12,610","-16,074","9,362"
	NetIncome,"434,923,000","60,108,000","66,770,000","216,587,000","91,458,000","27,895,000","73,164,000","36,207,000","25,817,000","-6,103,000","-34,397,000","-25,015,000","-14,624,000","1,796,000","-2,126,000","-27,850,000","-22,893,000","-27,461,000","123,882,000","2,749,000","-30,763,000","-32,897,000","-27,386,000","-28,946,000","-26,875,000","-19,816,000","4,318,000","-24,460,000","3,019,000","-15,108,000","-5,274,000","-20,280,000","-16,273,000","-26,548,000","-21,986,303","-19,292,368","-22,911,511","-19,288,369","-4,405,856","-20,005,846","-14,021,119","-15,119,181","-18,415,614","5,165,193","3,116,288","-9,635,717","-16,893,674","-12,409,576","-12,150,923","-11,787,477","-12,664,852","-13,910,282","-17,060,025","-14,725,364","-16,825,654","-10,872,158","-11,002,390","-9,953,997","-8,708,391","-7,028,782","-4,801,707","-3,357,304","-4,377,963","-3,651,037","-3,232,791","-3,490,194","-3,513,487","-3,700,476","-2,868,334","-3,193,077","-2,479,112","-3,253,145","-2,074,697","-1,284,422","-53,918","-9,462","-4,849","-9,874","-45,941","-12,610","-16,074","9,362"
		NetIncomeIncludingNoncontrollingInterests,"434,923,000","60,108,000","66,770,000","216,587,000","91,458,000","27,895,000","73,164,000","36,207,000","25,817,000","-6,103,000","-34,397,000","-25,015,000","-14,624,000","1,796,000","-2,126,000","-27,850,000","-22,893,000","-27,461,000","123,882,000","2,749,000","-30,763,000","-32,897,000","-27,386,000","-28,946,000","-26,875,000","-19,816,000","4,318,000","-24,460,000","3,019,000","-15,108,000","-5,274,000","-20,280,000","-16,273,000","-26,548,000","-21,986,303","-19,292,368","-22,911,511","-19,288,369","-4,405,856","-20,005,846","-14,021,119","-15,119,181","-18,415,614","5,165,193","3,116,288","-9,635,717","-16,893,674","-12,409,576","-12,150,923","-11,787,477","-12,664,852","-13,910,282","-17,060,025","-14,725,364","-16,825,654","-10,872,158","-11,002,390","-9,953,997","-8,708,391","-7,028,782","-4,801,707","-3,357,304","-4,377,963","-3,651,037","-3,232,791","-3,490,194","-3,513,487","-3,700,476","-2,868,334","-3,193,077","-2,479,112","-3,253,145","-2,074,697","-1,284,422","-53,918","-9,462","-4,849","-9,874","-45,941","-12,610","-16,074","9,362"
			NetIncomeContinuousOperations,"434,923,000","60,108,000","66,770,000","216,587,000","91,458,000","27,895,000","73,164,000","36,207,000","25,817,000","-6,103,000","-34,397,000","-25,015,000","-14,624,000","1,796,000","-2,126,000","-27,850,000","-22,893,000","-27,461,000","123,882,000","2,749,000","-30,763,000","-32,897,000","-27,386,000","-28,946,000","-26,875,000","-19,816,000","4,318,000","-24,460,000","3,019,000","-15,108,000","-5,274,000","-20,280,000","-16,273,000","-26,548,000","-21,986,303","-19,292,368","-22,911,511","-19,288,369","-4,405,856","-20,005,846","-14,021,119","-15,119,181","-18,415,614","5,165,193","3,116,288","-9,635,717","-16,893,674","-12,409,576","-12,150,923","-11,787,477","-12,664,852","-13,910,282","-17,060,025","-14,725,364","-16,825,654","-10,872,158","-11,002,390","-9,953,997","-8,708,391","-7,028,782","-4,801,707","-3,357,304","-4,377,963","-3,651,037","-3,232,791","-3,490,194","-3,513,487","-3,700,476","-2,868,334","-3,193,077","-2,479,112","-3,253,145","-2,074,697","-1,284,422","-53,918","-9,462","-4,849","-9,874","-45,941","-12,610","-16,074","9,362"
DilutedNIAvailtoComStockholders,"434,923,000","60,108,000","66,770,000","216,587,000","91,458,000","27,895,000","73,164,000","36,207,000","25,817,000","-6,103,000","-34,397,000","-25,015,000","-14,624,000","1,796,000","-2,126,000","-27,850,000","-22,893,000","-27,461,000","123,882,000","2,749,000","-30,763,000","-32,897,000","-27,386,000","-28,946,000","-26,875,000","-19,816,000","4,318,000","-24,460,000","3,019,000","-15,108,000","-5,274,000","-20,280,000","-16,273,000","-26,548,000","-21,986,303","-19,292,368","-22,911,511","-19,288,369","-4,405,856","-20,005,846","-14,021,119","-15,119,181","-18,415,614","5,165,193","3,116,288","-9,635,717","-16,893,674","-12,409,576","-12,150,923","-11,787,477","-12,664,852","-13,910,282","-17,060,025","-14,725,364","-16,825,654","-10,872,158","-11,002,390","-9,953,997","-8,708,391","-7,028,782","-4,801,707","-3,357,304","-4,377,963","-3,651,037","-3,232,791","-3,490,194","-3,513,487","-3,700,476","-2,868,334","-3,193,077","-2,479,112","-3,253,145","-2,074,697","-1,284,422","-53,918","-9,462","-4,849","-9,874","-45,941","-12,610","-16,074","9,362"
BasicEPS,,"0.44","0.48","1.53","0.64","0.2","0.54","0.27","0.19","-0.04","-0.24","-0.17","-0.1","0.01","-0.01","-0.19","-0.16","-0.19","0.87","0.02","-0.23","-0.26","-0.21","-0.23","-0.21","-0.16","0.03","-0.19","0.02","-0.12","-0.04","-0.16","-0.13","-0.22","-0.19","-0.17","-0.2","-0.17","-0.04","-0.18","-0.13","-0.14",,"0.05","0.03","-0.1",,"-0.13","-0.13","-0.13",,"-0.16","-0.21","-0.18",,"-0.14","-0.14","-0.13",,"-0.09","-0.07","-0.05",,"-0.06","-0.05","-0.06",,"-0.07","-0.06","-0.06",,"-0.08","-0.05","-0.08",,"0","0","0",,"0","0","0"
DilutedEPS,,"0.43","0.46","1.48","0.62","0.19","0.5","0.25","0.19","-0.04","-0.24","-0.17","-0.1","0.01","-0.01","-0.19","-0.16","-0.19","0.85","0.02","-0.23","-0.26","-0.21","-0.23","-0.21","-0.16","0.03","-0.19","0.02","-0.12","-0.04","-0.16","-0.13","-0.22","-0.19","-0.17","-0.2","-0.17","-0.04","-0.18","-0.13","-0.14",,"0.05","0.03","-0.1",,"-0.13","-0.13","-0.13",,"-0.16","-0.21","-0.18",,"-0.14","-0.14","-0.13",,"-0.09","-0.07","-0.05",,"-0.06","-0.05","-0.06",,"-0.07","-0.06","-0.06",,"-0.08","-0.05","-0.08",,"0","0","0",,"0","0","0"
BasicAverageShares,,"137,658,000","140,224,000","142,021,000","142,487,000","137,952,000","135,107,000","136,578,000","135,935,000","137,186,000","141,046,000","146,136,000","145,411,000","144,743,000","144,203,000","143,949,000","143,568,000","142,656,000","141,718,000","141,190,000","134,013,000","128,615,000","128,185,000","128,154,000","127,958,000","127,615,000","127,197,000","126,921,000","126,144,000","125,299,000","124,272,000","124,041,000","123,710,000","118,943,000","113,550,229","112,765,155","112,486,211","112,416,792","112,323,056","112,305,002","112,063,665","107,589,514",,"103,233,352","102,671,410","100,927,402",,"93,626,893","91,766,799","91,610,830",,"89,570,540","82,990,107","82,429,868",,"80,293,800","79,454,496","78,300,319",,"76,502,867","73,217,967","69,984,931",,"62,731,254","61,841,867","60,456,462",,"49,978,696","49,945,467","49,575,492",,"39,573,312","39,432,904","15,441,244",,"1,917,277","1,917,277","1,917,277",,"1,917,277","1,638,400","1,282,777"
DilutedAverageShares,,"141,277,000","144,253,000","146,690,000","147,624,000","148,540,000","145,122,000","142,081,000","138,084,000","137,186,000","141,046,000","146,136,000","145,411,000","147,474,000","144,203,000","143,949,000","143,568,000","142,656,000","145,633,000","143,236,000","134,013,000","128,615,000","128,185,000","128,154,000","127,958,000","127,615,000","129,248,000","126,921,000","134,507,000","125,299,000","124,272,000","124,041,000","123,710,000","118,943,000","113,550,229","112,765,155","112,486,211","112,416,792","112,323,056","112,305,002","112,063,665","107,589,514",,"105,009,189","104,393,835","100,927,402",,"93,626,893","91,766,799","91,610,830",,"89,570,540","82,990,107","82,429,868",,"80,293,800","79,454,496","78,300,319",,"76,502,867","73,217,967","69,984,931",,"62,731,254","61,841,867","60,456,462",,"49,978,696","49,945,467","49,575,492",,"39,573,312","39,432,904","15,441,244",,"1,917,277","1,917,277","1,917,277",,"1,917,277","1,638,400","1,282,777"
TotalOperatingIncomeAsReported,"300,837,000","75,670,000","56,534,000","75,586,000","93,047,000","50,735,000","77,624,000","40,299,000","29,555,000","-3,223,000","-32,062,000","-24,537,000","-13,977,000","2,966,000","-71,000","-25,474,000","-20,073,000","-23,712,000","125,929,000","8,077,000","-25,478,000","-27,526,000","-22,575,000","-22,743,000","-21,723,000","-16,169,000","5,465,000","-23,237,000","4,231,000","-13,911,000","-3,851,000","-19,026,000","-14,940,000","-25,219,000","-21,323,360","-18,493,856","-22,120,648","-18,495,773","-4,407,113","-20,029,837","-14,048,098","-15,140,398","-18,428,118","5,152,833","3,095,931","-9,659,586","-17,883,767","-12,433,641","-12,152,078","-11,788,146","-12,676,198","-13,939,600","-17,083,720","-14,758,742","-17,026,947","-11,199,719","-11,374,570","-10,833,466","-9,927,430","-8,309,653","-5,832,714","-4,080,411","-4,668,805","-3,826,037","-3,414,973","-3,673,040","-3,579,051","-3,765,798","-2,945,658","-3,270,911","-2,527,940","-3,263,231","-2,089,126",,"-54,718","-9,462","-4,849","-9,074","-20,861","-12,610","-18,274","12,358"
TotalExpenses,"170,730,000","41,609,000","45,469,000","40,244,000","43,408,000","38,287,000","44,079,000","25,017,000","25,666,000","28,577,000","85,727,000","70,767,000","53,125,000","53,983,000","60,303,000","51,030,000","55,275,000","54,584,000","63,635,000","55,654,000","59,228,000","57,094,000","61,578,000","54,596,000","55,059,000","58,668,000","46,762,000","44,017,000","39,153,000","32,577,000","34,228,000","33,632,000","33,325,000","37,185,000","33,822,293","34,507,020","36,574,458","30,329,313","26,200,662","25,364,160","21,805,273","22,580,577","20,839,285","17,789,595","20,093,017","17,203,480","21,456,291","15,830,148","15,365,431","15,229,877","19,120,091","16,968,485","18,509,876","17,531,113","20,089,123","13,661,945","12,808,789","12,638,984","11,265,339","9,252,534","6,541,230","4,890,626","5,095,131","4,188,514","3,534,635","3,746,321","3,634,913","3,791,442","2,991,361","3,270,911","2,527,940","3,263,231","2,089,126","1,207,552","57,037","22,068","12,809","11,894","55,194","29,351","26,101","16,510"
NetIncomeFromContinuingAndDiscontinuedOperation,"434,923,000","60,108,000","66,770,000","216,587,000","91,458,000","27,895,000","73,164,000","36,207,000","25,817,000","-6,103,000","-34,397,000","-25,015,000","-14,624,000","1,796,000","-2,126,000","-27,850,000","-22,893,000","-27,461,000","123,882,000","2,749,000","-30,763,000","-32,897,000","-27,386,000","-28,946,000","-26,875,000","-19,816,000","4,318,000","-24,460,000","3,019,000","-15,108,000","-5,274,000","-20,280,000","-16,273,000","-26,548,000","-21,986,303","-19,292,368","-22,911,511","-19,288,369","-4,405,856","-20,005,846","-14,021,119","-15,119,181","-18,415,614","5,165,193","3,116,288","-9,635,717","-16,893,674","-12,409,576","-12,150,923","-11,787,477","-12,664,852","-13,910,282","-17,060,025","-14,725,364","-16,825,654","-10,872,158","-11,002,390","-9,953,997","-8,708,391","-7,028,782","-4,801,707","-3,357,304","-4,377,963","-3,651,037","-3,232,791","-3,490,194","-3,513,487","-3,700,476","-2,868,334","-3,193,077","-2,479,112","-3,253,145","-2,074,697","-1,284,422","-53,918","-9,462","-4,849","-9,874","-45,941","-12,610","-16,074","9,362"
NormalizedIncome,"434,128,600","59,705,616","66,528,370","216,386,980","91,237,140.063","48,438,337.606","72,503,767.041","35,247,669.231","24,495,967.807","-7,912,670","-35,727,563.001","-26,192,490","-16,071,590","-236,107.811","-3,598,410","-29,760,000","-24,340,590","-28,678,640","123,234,000","2,096,638.931","-31,024,000","-33,069,200","-27,746,445.771","-29,146,400","-27,113,200","-20,045,000","4,225,000","-24,538,000","2,966,800","-15,210,000","-5,229,000","-20,402,000","-16,391,000","-26,595,000","-22,050,988","-19,343,792","-22,969,643","-19,343,357","-4,405,856","-20,005,846","-14,021,119","-15,119,181","-18,415,614","5,165,193","3,116,288","-9,635,717","-16,893,674","-12,409,576","-12,150,923","-11,787,477","-12,664,852","-13,910,282","-17,060,025","-14,725,364","-16,825,654","-10,872,158","-11,002,390","-9,953,997","-8,708,391","-7,028,782","-4,801,707","-4,703,540","-4,377,963","-3,756,037","-3,342,100.2","-3,673,040","-3,579,051","-3,765,798","-2,945,658","-3,270,911","-2,508,407.6","-3,263,231","-2,089,126","-1,207,552","-53,918","-9,462","-4,849","-9,874","-20,861","-12,610","-16,074","9,358.971"
InterestIncome,,,,,,,,,,,,,,,,,,,,,,,,,,,,,,,,,,,,,,,"-13,159","23,991",,,,,,,,,,,"11,346","29,318","23,695","33,378",,,,,,,,,,,,,,,,,,,,,,,,,,,,
InterestExpense,"7,320,000","1,759,000","2,055,000","1,754,000","1,752,000","1,965,000","5,036,000","4,990,000","5,004,000","5,348,000","3,731,000","2,078,000","2,613,000","3,205,000","3,755,000","4,286,000","4,770,000","5,230,000","5,458,000","5,538,000","5,540,000","5,448,000","5,599,000","5,253,000","5,249,000","3,876,000","1,302,000","1,301,000","1,299,000","1,299,000","1,378,000","1,376,000","1,451,000","1,376,000","727,628","849,936","848,995","847,584",,,,,,,,,,,,,,,,,,,,,,,,,,,,,,,,,,,,,,,,,,,,
NetInterestIncome,"-7,320,000","-1,759,000","-2,055,000","-1,754,000","-1,752,000","-1,965,000","-5,036,000","-4,990,000","-5,004,000","-5,348,000","-3,731,000","-2,078,000","-2,613,000","-3,205,000","-3,755,000","-4,286,000","-4,770,000","-5,230,000","-5,458,000","-5,538,000","-5,540,000","-5,448,000","-5,599,000","-5,253,000","-5,249,000","-3,876,000","-1,302,000","-1,301,000","-1,299,000","-1,299,000","-1,378,000","-1,376,000","-1,451,000","-1,376,000","-727,628","-849,936","-848,995","-847,584","-13,159","23,991","26,979","21,217","6,944","12,360","20,357","23,869","23,126","24,065","1,155","669","11,346","29,318","23,695","33,378",,,,,,,,,,,,,,,,,,,,,,,,,,,,
EBIT,"302,161,000","76,168,000","56,865,000","75,860,000","93,268,000","30,051,000","78,285,000","41,260,000","30,879,000","-744,000","-30,729,000","-22,924,000","-11,994,000","5,023,000","1,946,000","-23,564,000","-18,090,000","-22,044,000","127,009,000","8,867,000","-25,043,000","-27,239,000","-22,209,000","-22,409,000","-21,326,000","-15,940,000","5,620,000","-23,159,000","4,318,000","-13,809,000","-3,896,000","-18,904,000","-14,822,000","-25,172,000","-21,258,675","-18,442,432","-22,062,516","-18,440,785","-4,407,113","-20,029,837","-14,048,098","-15,140,398","-18,428,118","5,152,833","3,095,931","-9,659,586","-17,883,767","-12,433,641","-12,152,078","-11,788,146","-12,676,198","-13,939,600","-17,083,720","-14,758,742","-17,026,947","-11,199,719","-11,374,570","-10,833,466","-9,927,430","-8,309,653","-5,832,714","-4,080,411","-4,668,805","-3,826,037","-3,414,973","-3,673,040","-3,579,051","-3,765,798","-2,945,658","-3,270,911","-2,527,940","-3,263,231","-2,089,126","-1,207,552","-54,718","-9,462","-4,849","-9,074","-20,861","-12,610","-18,274","12,358"
EBITDA,"305,198,000"
ReconciledCostOfRevenue,"79,116,000","15,922,000","21,587,000","18,589,000","23,018,000","18,219,000","26,272,000","5,568,000","5,740,000","5,787,000","16,687,000","22,333,000","1,877,000","4,649,000","5,622,000","626,000","836,000","3,052,000","7,488,000","8,332,000","7,788,000","7,544,000","8,002,000","9,134,000","8,308,000","7,762,000","8,427,000","6,180,000","8,144,000","6,494,000","6,147,000","5,141,000","5,924,000","5,520,000","3,540,128","682,713","1,283,949","738,971","653,884","226,635","143,120","70,761","56,159","11,723","178,235","11,717","888,870","7,214","83,539","5,660","159,952","102,638","45,097","4,204","127,288","130,720","37,126","37,190","29,229","59,454","75,518","76,228","41,399","356,093","16,538","22,959","20,853","10,091","21,024",,,,,,"13,988","9,022","676","817","35,784","3,623","7,472","2,795"
ReconciledDepreciation,"3,037,000","778,000","773,000","751,000","735,000","738,000","800,000","803,000","824,000","857,000","1,042,000","1,002,000","1,034,000","990,000","590,000","612,000","620,000","566,000","493,000","496,000","570,000","602,000","644,000","654,000","623,000","489,000","459,000","402,000","395,000","421,000","458,000","464,000","443,000","397,000","333,450","301,777","297,036","294,664","283,261","286,168","272,202","237,793","244,210","238,682","286,750","326,181","343,763","364,533","389,372","410,257","395,176","368,491","351,432","328,639","290,789","280,504","248,379","228,206","213,529","153,196","123,131","86,635","71,297","63,062","56,655","52,985","51,278","43,933","61,020","50,117","39,348","32,568","29,937","21,497",,,,,,,,
NetIncomeFromContinuingOperationNetMinorityInterest,"434,923,000","60,108,000","66,770,000","216,587,000","91,458,000","27,895,000","73,164,000","36,207,000","25,817,000","-6,103,000","-34,397,000","-25,015,000","-14,624,000","1,796,000","-2,126,000","-27,850,000","-22,893,000","-27,461,000","123,882,000","2,749,000","-30,763,000","-32,897,000","-27,386,000","-28,946,000","-26,875,000","-19,816,000","4,318,000","-24,460,000","3,019,000","-15,108,000","-5,274,000","-20,280,000","-16,273,000","-26,548,000","-21,986,303","-19,292,368","-22,911,511","-19,288,369","-4,405,856","-20,005,846","-14,021,119","-15,119,181","-18,415,614","5,165,193","3,116,288","-9,635,717","-16,893,674","-12,409,576","-12,150,923","-11,787,477","-12,664,852","-13,910,282","-17,060,025","-14,725,364","-16,825,654","-10,872,158","-11,002,390","-9,953,997","-8,708,391","-7,028,782","-4,801,707","-3,357,304","-4,377,963","-3,651,037","-3,232,791","-3,490,194","-3,513,487","-3,700,476","-2,868,334","-3,193,077","-2,479,112","-3,253,145","-2,074,697","-1,284,422","-53,918","-9,462","-4,849","-9,874","-45,941","-12,610","-16,074","9,362"
TotalUnusualItemsExcludingGoodwill,"1,324,000","498,000","331,000","274,000","221,000","-20,684,000","661,000","961,000","1,324,000","2,479,000","1,333,000","1,613,000","1,983,000","2,057,000","2,017,000","1,910,000","1,983,000","1,668,000","1,080,000","790,000","435,000","287,000","366,000","334,000","397,000","229,000","155,000","78,000","87,000","102,000","-45,000","122,000","118,000","47,000","64,685","51,424","58,132","54,988",,,,,,,,,,,,,,,,,,,,,,,,"1,346,236",,"175,000","182,182","182,846","65,564","65,322","77,324","77,834","48,826","10,086","14,429","-76,870",,"0","0","0","-25,080","0","0","4"
TotalUnusualItems,"1,324,000","498,000","331,000","274,000","221,000","-20,684,000","661,000","961,000","1,324,000","2,479,000","1,333,000","1,613,000","1,983,000","2,057,000","2,017,000","1,910,000","1,983,000","1,668,000","1,080,000","790,000","435,000","287,000","366,000","334,000","397,000","229,000","155,000","78,000","87,000","102,000","-45,000","122,000","118,000","47,000","64,685","51,424","58,132","54,988",,,,,,,,,,,,,,,,,,,,,,,,"1,346,236",,"175,000","182,182","182,846","65,564","65,322","77,324","77,834","48,826","10,086","14,429","-76,870",,"0","0","0","-25,080","0","0","4"
NormalizedEBITDA,"303,874,000","76,448,000","57,307,000","76,337,000","93,782,000","51,473,000","78,424,000","41,102,000","30,379,000","-2,366,000","-31,020,000","-23,535,000","-12,943,000","3,956,000","519,000","-24,862,000","-19,453,000","-23,146,000","126,422,000","8,573,000","-24,908,000","-26,924,000","-21,931,000","-22,089,000","-21,100,000","-15,680,000","5,924,000","-22,835,000","4,626,000","-13,490,000","-3,393,000","-18,562,000","-14,497,000","-24,822,000","-20,989,910","-18,192,079","-21,823,612","-18,201,109","-4,123,852","-19,743,669","-13,775,896","-14,902,605","-18,183,908","5,391,515","3,382,681","-9,333,405","-17,540,004","-12,069,108","-11,762,706","-11,377,889","-12,281,022","-13,571,109","-16,732,288","-14,430,103","-16,736,158","-10,919,215","-11,126,191","-10,605,260","-9,713,901","-8,156,457","-5,709,583","-5,340,012","-4,597,508","-3,937,975","-3,540,500","-3,802,901","-3,593,337","-3,787,187","-2,961,962","-3,298,628","-2,537,418","-3,240,749","-2,073,618","-1,109,185","-54,718","-9,462","-4,849","-9,074","4,219","-12,610","-18,274","12,354"
TaxRateForCalcs,"0.4","0.192","0.27","0.27","0.001","0.007","0.001","0.002","0.002","0.27","0.002","0.27","0.27","0.012","0.27","0","0.27","0.27","0.4","0.174","0.4","0.4","0.015","0.4","0.4","0","0.4","0","0.4","0","0","0","0","0","0","0","0","0","0.35","0.35","0.35","0.35","0.35","0.35","0.35","0.35","0.35","0.35","0.35","0.35","0.35","0.35","0.35","0.35","0.35","0.35","0.35","0.35","0.35","0.35","0.35","0","0.4","0.4","0.4","0","0","0","0","0","0.4","0","0","0","0.4","0","0","0.4","0","0","0.12","0.243"
TaxEffectOfUnusualItems,"529,600","95,616","89,370","73,980","140.063","-140,662.394","767.041","1,669.231","2,967.807","669,330","2,436.999","435,510","535,410","24,892.189","544,590","0","535,410","450,360","432,000","137,638.931","174,000","114,800","5,554.229","133,600","158,800","0","62,000","0","34,800","0","0","0","0","0","0","0","0","0","0","0","0","0","0","0","0","0","0","0","0","0","0","0","0","0","0","0","0","0","0","0","0","0","0","70,000","72,872.8","0","0","0","0","0","19,530.4","0","0","0","0","0","0","0","0","0","0","0.971"