name,ttm,03/31/2022,12/31/2021,09/30/2021,06/30/2021,03/31/2021,12/31/2020,09/30/2020,06/30/2020,03/31/2020
TotalRevenue,"345,803,000","89,242,000","102,472,000","79,014,000","75,075,000","66,952,000","78,307,000","59,964,000","48,320,000","54,042,000"
	OperatingRevenue,"345,803,000","89,242,000","102,472,000","79,014,000","75,075,000","66,952,000","78,307,000","59,964,000","48,320,000","54,042,000"
CostOfRevenue,"59,713,000","16,561,000","16,381,000","13,846,000","12,925,000","11,420,000","12,415,000","10,180,000","8,756,000","9,155,000"
GrossProfit,"286,090,000","72,681,000","86,091,000","65,168,000","62,150,000","55,532,000","65,892,000","49,784,000","39,564,000","44,887,000"
OperatingExpense,"312,366,000","69,271,000","81,632,000","66,372,000","95,091,000","52,256,000","57,561,000","47,923,000","53,839,000","54,684,000"
	SellingGeneralAndAdministration,"180,780,000","39,826,000","44,979,000","35,663,000","60,312,000","25,092,000","28,216,000","20,382,000","24,700,000","26,010,000"
		GeneralAndAdministrativeExpense,"87,427,000","16,769,000","21,525,000","16,089,000","33,044,000","8,547,000","10,837,000","6,863,000","7,946,000","7,640,000"
			OtherGandA,"87,427,000","16,769,000","21,525,000","16,089,000","33,044,000","8,547,000","10,837,000","6,863,000","7,946,000","7,640,000"
		SellingAndMarketingExpense,"93,353,000","23,057,000","23,454,000","19,574,000","27,268,000","16,545,000","17,379,000","13,519,000","16,754,000","18,370,000"
	ResearchAndDevelopment,"71,237,000","16,987,000","19,465,000","14,609,000","20,176,000","12,769,000","12,822,000","11,107,000","12,726,000","12,336,000"
	DepreciationAmortizationDepletionIncomeStatement,"60,349,000","12,458,000","17,188,000","16,100,000","14,603,000","14,395,000","16,523,000","16,434,000","16,413,000","16,338,000"
		DepreciationAndAmortizationInIncomeStatement,"60,349,000","12,458,000","17,188,000","16,100,000","14,603,000","14,395,000","16,523,000","16,434,000","16,413,000","16,338,000"
OperatingIncome,"-26,276,000","3,410,000","4,459,000","-1,204,000","-32,941,000","3,276,000","8,331,000","1,861,000","-14,275,000","-9,797,000"
NetNonOperatingInterestIncomeExpense,"-13,710,000","-1,426,000","-1,364,000","-5,753,000","-5,167,000","-6,960,000","-7,822,000","-7,795,000","-7,695,000","-8,258,000"
	InterestExpenseNonOperating,"13,710,000","1,426,000","1,364,000","5,753,000","5,167,000","6,960,000","7,822,000","7,795,000","7,695,000","8,258,000"
OtherIncomeExpense,,,"-6,600,000","-3,721,000",,,,,,
	SpecialIncomeCharges,,,"-6,600,000","-3,721,000",,,,"0",,
		OtherSpecialCharges,,,"0","3,721,000",,,,,,
PretaxIncome,"-50,307,000","1,984,000","-3,505,000","-10,678,000","-38,108,000","-3,684,000","509,000","-5,934,000","-21,970,000","-18,055,000"
TaxProvision,"-1,801,000","825,000","1,317,000","-898,000","-3,045,000","-912,000","-2,460,000","-1,486,000","-5,519,000","-3,611,000"
NetIncomeCommonStockholders,"-48,506,000","1,159,000","-4,822,000","-9,780,000","-35,063,000","-2,772,000","2,969,000","-4,448,000","-16,451,000","-14,444,000"
	NetIncome,"-48,506,000","1,159,000","-4,822,000","-9,780,000","-35,063,000","-2,772,000","2,969,000","-4,448,000","-16,451,000","-14,444,000"
		NetIncomeIncludingNoncontrollingInterests,"-48,506,000","1,159,000","-4,822,000","-9,780,000","-35,063,000","-2,772,000","2,969,000","-4,448,000","-16,451,000","-14,444,000"
			NetIncomeContinuousOperations,"-48,506,000","1,159,000","-4,822,000","-9,780,000","-35,063,000","-2,772,000","2,969,000","-4,448,000","-16,451,000","-14,444,000"
DilutedNIAvailtoComStockholders,"-48,506,000","1,159,000","-4,822,000","-9,780,000","-35,063,000","-2,772,000","2,969,000","-4,448,000","-16,451,000","-14,444,000"
BasicEPS,,"0.01",,"-0.06","-0.26","-0.019",,"-0.033","-0.123","-0.097"
DilutedEPS,,"0.01",,"-0.06","-0.26","-0.019",,"-0.033","-0.123","-0.097"
BasicAverageShares,,"154,477,403",,"151,988,054","133,981,985","148,957,021",,"133,981,985","133,981,985","148,957,021"
DilutedAverageShares,,"157,159,026",,"151,988,054","133,981,985","148,957,021",,"133,981,985","133,981,985","148,957,021"
TotalOperatingIncomeAsReported,"-32,876,000","3,410,000","-2,141,000","-1,204,000","-32,941,000","3,276,000","8,331,000","1,861,000","-14,275,000","-9,797,000"
TotalExpenses,"372,079,000","85,832,000","98,013,000","80,218,000","108,016,000","63,676,000","69,976,000","58,103,000","62,595,000","63,839,000"
NetIncomeFromContinuingAndDiscontinuedOperation,"-48,506,000","1,159,000","-4,822,000","-9,780,000","-35,063,000","-2,772,000","2,969,000","-4,448,000","-16,451,000","-14,444,000"
NormalizedIncome,"-38,554,493.729","1,159,000","-4,000","-6,371,564","-35,063,000","-2,772,000","2,969,000","-4,448,000","-16,451,000","-14,444,000"
InterestExpense,"13,710,000","1,426,000","1,364,000","5,753,000","5,167,000","6,960,000","7,822,000","7,795,000","7,695,000","8,258,000"
NetInterestIncome,"-13,710,000","-1,426,000","-1,364,000","-5,753,000","-5,167,000","-6,960,000","-7,822,000","-7,795,000","-7,695,000","-8,258,000"
EBIT,"-36,597,000","3,410,000","-2,141,000","-4,925,000","-32,941,000","3,276,000","8,331,000","1,861,000","-14,275,000","-9,797,000"
EBITDA,"23,752,000"
ReconciledCostOfRevenue,"59,713,000","16,561,000","16,381,000","13,846,000","12,925,000","11,420,000","12,415,000","10,180,000","8,756,000","9,155,000"
ReconciledDepreciation,"60,349,000","12,458,000","17,188,000","16,100,000","14,603,000","14,395,000","16,523,000","16,434,000","16,413,000","16,338,000"
NetIncomeFromContinuingOperationNetMinorityInterest,"-48,506,000","1,159,000","-4,822,000","-9,780,000","-35,063,000","-2,772,000","2,969,000","-4,448,000","-16,451,000","-14,444,000"
TotalUnusualItemsExcludingGoodwill,"-10,321,000",,"-6,600,000","-3,721,000",,,,"0",,
TotalUnusualItems,"-10,321,000",,"-6,600,000","-3,721,000",,,,"0",,
NormalizedEBITDA,"34,073,000","15,868,000","21,647,000","14,896,000","-18,338,000","17,671,000","24,854,000","18,295,000","2,138,000","6,541,000"
TaxRateForCalcs,"0.036","0.4","0.27","0.084","0.08","0.248","0.27","0.25","0.251","0.2"
TaxEffectOfUnusualItems,"-369,493.729","0","-1,782,000","-312,564","0","0","0","0","0","0"