name,ttm,03/31/2022,12/31/2021,09/30/2021,06/30/2021,03/31/2021,12/31/2020,09/30/2020,06/30/2020,03/31/2020,12/31/2019,09/30/2019,06/30/2019,03/31/2019,12/31/2018,09/30/2018,06/30/2018,03/31/2018,12/31/2017,09/30/2017,06/30/2017,03/31/2017,12/31/2016,09/30/2016,06/30/2016,03/31/2016,12/31/2015,09/30/2015,06/30/2015,03/31/2015,12/31/2014,09/30/2014,06/30/2014,03/31/2014,12/31/2013,09/30/2013,06/30/2013,03/31/2013,12/31/2012,09/30/2012,06/30/2012,03/31/2012,12/31/2011,09/30/2011,06/30/2011,03/31/2011,12/31/2010,09/30/2010,06/30/2010,03/31/2010,12/31/2009,09/30/2009,06/30/2009,03/31/2009,12/31/2008,09/30/2008,06/30/2008,03/31/2008,12/31/2007,09/30/2007,06/30/2007,03/31/2007,12/31/2006,09/30/2006,06/30/2006,03/31/2006,12/31/2005,09/30/2005,06/30/2005,03/31/2005,12/31/2004,09/30/2004,06/30/2004,03/31/2004,12/31/2003,09/30/2003,06/30/2003,03/31/2003,12/31/2002,09/30/2002,06/30/2002,03/31/2002,12/31/2001,09/30/2001,06/30/2001,03/31/2001,12/31/2000,09/30/2000,06/30/2000,03/31/2000,12/31/1999,09/30/1999,06/30/1999,03/31/1999,12/31/1998,09/30/1998,06/30/1998,03/31/1998,12/31/1997,09/30/1997,06/30/1997,03/31/1997,12/31/1996,09/30/1996,06/30/1996,03/31/1996,12/31/1995,09/30/1995,06/30/1995,03/31/1995,12/31/1994,09/30/1994,06/30/1994,03/31/1994,12/31/1993,09/30/1993,06/30/1993,03/31/1993,12/31/1992,09/30/1992,06/30/1992,03/31/1992,12/31/1991,09/30/1991,06/30/1991,03/31/1991,12/31/1990,09/30/1990,06/30/1990,03/31/1990,12/31/1989,09/30/1989,06/30/1989,03/31/1989,12/31/1988,09/30/1988
TotalRevenue,"92,228,000","38,078,000","27,992,000","9,210,000","16,948,000","15,706,000","85,798,000","18,189,000","15,025,000","13,287,000","44,864,000","13,281,000","15,542,000","8,584,000","13,416,000","10,928,000","9,287,000","19,815,000","39,448,000","8,480,000","39,020,000","28,499,000","13,846,000","7,660,000","7,408,000","19,714,000","18,029,000","14,851,000","12,611,000","11,427,000","48,300,000","13,203,000","5,743,000","6,875,000","30,060,000","17,218,000","3,831,000","25,001,000","2,612,000","4,091,000","2,952,000","3,252,000","7,617,000","2,536,000","6,505,000","5,211,000","4,178,000","3,411,000","4,422,000","3,314,000","3,108,000","3,099,000","4,302,000","8,226,000","9,334,000","6,126,000","4,483,000","14,590,000","9,751,000","11,425,000","8,534,000","9,836,000","12,072,000","7,770,000","8,368,000","9,355,000","6,587,000","7,778,000","7,433,763","10,230,493","9,047,000","9,006,526","9,311,730","7,590,000","5,163,720","3,890,183","1,349,276","1,456,000","2,476,159","2,346,310","1,702,255","1,210,334","1,544,413","1,425,901","1,342,103","752,191","626,069","1,759,000","4,675,220","1","2,600,000","4,100,000","2,300,000","1,000,000","200,000","200,000","400,000","100,000","100,000","100,000","100,000","100,000","100,000","100,000","100,000","100,000","100,000","200,000","100,000","100,000","200,000","200,000","100,000","200,000","300,000","400,000","300,000","400,000","500,000","500,000","700,000","700,000","700,000","600,000","700,000","200,000","200,000","2,300,000","300,000","300,000","300,000","100,000","200,000","200,000","300,000","100,000"
	OperatingRevenue,"92,228,000","38,078,000","27,992,000","9,210,000","16,948,000","15,706,000","85,798,000","18,189,000","15,025,000","13,287,000","44,864,000","13,281,000","15,542,000","8,584,000","13,416,000","10,928,000","9,287,000","19,815,000","39,448,000","8,480,000","39,020,000","28,499,000","13,846,000","7,660,000","7,408,000","19,714,000","18,029,000","14,851,000","12,611,000","11,427,000","48,300,000","13,203,000","5,743,000","6,875,000","30,060,000","17,218,000","3,831,000","25,001,000","2,612,000","4,091,000","2,952,000","3,252,000","7,617,000","2,536,000","6,505,000","5,211,000","4,178,000","3,411,000","4,422,000","3,314,000","3,108,000","3,099,000","4,302,000","8,226,000","9,334,000","6,126,000","4,483,000","14,590,000","9,751,000","11,425,000","8,534,000","9,836,000","12,072,000","7,770,000","8,368,000","9,355,000","6,587,000","7,778,000","7,433,763","10,230,493","9,047,000","9,006,526","9,311,730","7,590,000","5,163,720","3,890,183","1,349,276","1,456,000","2,476,159","2,346,310","1,702,255","1,210,334","1,544,413","1,425,901","1,342,103","752,191","626,069","1,759,000","4,675,220","1","2,600,000","4,100,000","2,300,000","1,000,000","200,000","200,000","400,000","100,000","100,000","100,000","100,000","100,000","100,000","100,000","100,000","100,000","100,000","200,000","100,000","100,000","200,000","200,000","100,000","200,000","300,000","400,000","300,000","400,000","500,000","500,000","700,000","700,000","700,000","600,000","700,000","200,000","200,000","2,300,000","300,000","300,000","300,000","100,000","200,000","200,000","300,000","100,000"
CostOfRevenue,,,,,,"34,413,000","39,578,000","24,685,000","22,921,000","27,408,000","26,055,000","21,015,000","28,559,000","38,893,000","43,681,000","47,243,000","38,701,000","44,831,000","39,843,000","31,689,000","35,319,000","32,888,000","33,657,000","32,909,000","38,652,000","36,094,000","38,199,000","35,132,000","30,437,000","25,666,000","27,647,000","28,018,000","25,787,000","38,280,000","20,862,000","22,029,000","20,399,000","21,318,000","21,656,000","0","0","0","0","0","0","0","0","0","0","0","0","0","0","0",,,,"9,015,000","2,426,000","1,729,000","-19,230,000","7,580,000","7,652,000","646,000","890,000","779,000","94,000","904,000","1,413,801","2,285,841","3,042,000","2,493,937","2,943,792","729,000","226,826","1,758,809","799,385","440,000","843,168","752,396","1,008,888","556,677","840,855","934,561","424,641","424,465","-125,615","-126,441","-131,045","-132,402","-100,000","-100,000","-100,000","-100,000","-100,000","-200,000","-200,000","-300,000","-300,000","-300,000","-400,000","-300,000","-400,000","-400,000","-3,900,000","-500,000","-800,000","-800,000","15,900,000","-800,000",,"3,800,000","4,500,000","4,800,000","-500,000","3,900,000","-13,200,000","4,200,000","4,600,000",,,,,"3,600,000","2,800,000","2,500,000","2,400,000","1,800,000","2,100,000","1,800,000",,"1,400,000",,,,
GrossProfit,,,,,,"-18,707,000","46,220,000","-6,496,000","-7,896,000","-14,121,000","18,809,000","-7,734,000","-13,017,000","-30,309,000","-30,265,000","-36,315,000","-29,414,000","-25,016,000","-395,000","-23,209,000","3,701,000","-4,389,000","-19,811,000","-25,249,000","-31,244,000","-16,380,000","-20,170,000","-20,281,000","-17,826,000","-14,239,000","20,653,000","-14,815,000","-20,044,000","-31,405,000","9,198,000","-4,811,000","-16,568,000","3,683,000","-19,044,000","4,091,000","2,952,000","3,252,000","7,617,000","2,536,000","6,505,000","5,211,000","4,178,000","3,411,000","4,422,000","3,314,000","3,108,000","3,099,000","4,302,000","8,226,000",,,,"5,575,000","7,325,000","9,696,000","27,764,000","2,256,000","4,420,000","7,124,000","7,478,000","8,576,000","6,493,000","6,874,000","6,019,962","7,944,652","6,005,000","6,512,589","6,367,938","6,861,000","4,936,894","2,131,374","549,891","1,016,000","1,632,991","1,593,914","693,367","653,657","703,558","491,340","917,462","327,726","751,684","1,885,441","4,806,265","132,403","2,700,000","4,200,000","2,400,000","1,100,000","300,000","400,000","600,000","400,000","400,000","400,000","500,000","400,000","500,000","500,000","4,000,000","600,000","900,000","1,000,000","-15,800,000","900,000",,"-3,600,000","-4,400,000","-4,600,000","800,000","-3,500,000","13,500,000","-3,800,000","-4,100,000",,,,,"-3,000,000","-2,100,000","-2,300,000","-2,200,000","500,000","-1,800,000","-1,500,000",,"-1,300,000",,,,
OperatingExpense,"211,237,000","60,930,000","62,546,000","43,444,000","44,317,000","44,622,000","49,316,000","34,916,000","32,688,000","36,272,000","35,858,000","30,223,000","37,259,000","49,671,000","53,433,000","55,590,000","47,353,000","54,826,000","48,891,000","39,597,000","44,155,000","41,007,000","42,193,000","42,368,000","47,950,000","47,329,000","46,253,000","43,461,000","37,698,000","32,666,000","34,519,000","35,113,000","32,243,000","44,320,000","26,309,000","28,555,000","25,772,000","26,313,000","27,120,000","29,339,000","25,265,000","21,954,000","20,393,000","22,002,000","22,699,000","20,313,000","19,692,000","16,789,000","17,763,000","15,538,000","16,097,000","15,780,000","15,121,000","12,736,000","16,409,000","15,538,000","29,631,000","18,942,000","14,259,000","11,529,000","33,076,000","8,230,000","8,270,000","14,213,000","15,020,000","12,409,000","11,092,000","12,286,000","9,324,477","11,980,707","8,651,000","9,348,098","7,704,164","7,939,000","6,606,976","6,605,590","7,872,323","7,798,000","7,863,722","5,851,725","6,388,273","8,749,520","4,257,474","3,702,131","5,686,590","4,919,093","4,792,051","4,549,283","4,252,879","3,084,082","2,600,000","2,400,000","2,500,000","1,900,000","2,000,000","1,900,000","2,900,000","2,100,000","2,300,000","2,300,000","2,600,000","2,700,000","2,900,000","2,700,000","6,200,000","3,000,000","4,000,000","4,200,000","-12,000,000","5,100,000",,"1,800,000","2,000,000","1,500,000","6,900,000","1,300,000","18,700,000","800,000","900,000","4,300,000","5,400,000","5,200,000",,"700,000","700,000","600,000","600,000","600,000","700,000","500,000",,"400,000",,,,
	SellingGeneralAndAdministration,"50,251,000","16,648,000","13,578,000","10,297,000","9,728,000","10,209,000","9,738,000","10,231,000","9,767,000","8,864,000","9,803,000","9,208,000","8,700,000","10,778,000","9,752,000","8,347,000","8,652,000","9,995,000","9,048,000","7,908,000","8,836,000","8,119,000","8,536,000","9,459,000","9,298,000","11,235,000","8,054,000","8,329,000","7,261,000","7,000,000","6,872,000","7,095,000","6,456,000","6,040,000","5,447,000","6,526,000","5,373,000","4,995,000","5,464,000","5,639,000","5,726,000","5,021,000","4,834,000","4,841,000","4,438,000","4,550,000","3,688,000","3,364,000","3,973,000","3,447,000","3,886,000","3,592,000","3,458,000","3,243,000","3,521,000","3,678,000","3,722,000","4,675,000","3,527,000","2,424,000","2,818,000","2,848,000","6,903,000","2,797,000","2,579,000","2,193,000","2,332,000","2,794,000","3,076,858","2,161,167","2,034,000","1,493,002","1,616,012","1,769,000","1,412,206","1,834,223","1,415,469","1,502,000","1,296,974","1,742,374","1,386,061","1,576,469","1,242,262","1,198,575","1,400,571","1,179,697","1,047,265","853,909","1,227,958","689,167","600,000","500,000","600,000","400,000","500,000","300,000","400,000","400,000","600,000","400,000","600,000","600,000","500,000","400,000","400,000","500,000","500,000","500,000","400,000","700,000",,"1,000,000","1,300,000","1,100,000","6,400,000","1,000,000","17,900,000","800,000","900,000","4,300,000","5,000,000","4,900,000",,"400,000","400,000","300,000","300,000","300,000","400,000","400,000",,"300,000",,,,
		GeneralAndAdministrativeExpense,,,"13,578,000","10,297,000","9,728,000","10,209,000","9,738,000","10,231,000","9,767,000","8,864,000","9,803,000","9,208,000","8,700,000","10,778,000","9,752,000","8,347,000","8,652,000","9,995,000","9,048,000","7,908,000","8,836,000","8,119,000","8,536,000","9,459,000","9,298,000","11,235,000","8,054,000","8,329,000","7,261,000","7,000,000","6,872,000","7,095,000","6,456,000","6,040,000","5,447,000","6,526,000","5,373,000","4,995,000","5,464,000",,,,,,,,,,,,,,,,,,,,,,,,,,,,,,,,,,,,,,,,,,,,,,,,,,,,,,,,,,,,,,,,,,,,,,,,,,,,,,,,,,,,,,,,,,,,,,,,,
			OtherGandA,,,"13,578,000","10,297,000","9,728,000","10,209,000","9,738,000","10,231,000","9,767,000","8,864,000","9,803,000","9,208,000","8,700,000","10,778,000","9,752,000","8,347,000","8,652,000","9,995,000","9,048,000","7,908,000","8,836,000","8,119,000","8,536,000","9,459,000","9,298,000","11,235,000","8,054,000","8,329,000","7,261,000","7,000,000","6,872,000","7,095,000","6,456,000","6,040,000","5,447,000","6,526,000","5,373,000","4,995,000","5,464,000",,,,,,,,,,,,,,,,,,,,,,,,,,,,,,,,,,,,,,,,,,,,,,,,,,,,,,,,,,,,,,,,,,,,,,,,,,,,,,,,,,,,,,,,,,,,,,,,,
	ResearchAndDevelopment,"160,986,000","44,282,000","48,968,000","33,147,000","34,589,000","34,413,000","39,578,000","24,685,000","22,921,000","27,408,000","26,055,000","21,015,000","28,559,000","38,893,000","43,681,000","47,243,000","38,701,000","44,831,000","39,843,000","31,689,000","35,319,000","32,888,000","33,657,000","32,909,000","38,652,000","36,094,000","38,199,000","35,132,000","30,437,000","25,666,000","27,647,000","28,018,000","25,787,000","38,280,000","20,862,000","22,029,000","20,399,000","21,318,000","21,656,000","23,700,000","19,539,000","16,933,000","15,559,000","17,161,000","18,261,000","15,763,000","16,004,000","13,425,000","13,790,000","12,091,000","12,211,000","12,188,000","11,663,000","9,493,000","12,888,000","11,860,000","25,909,000","14,267,000","10,732,000","9,105,000","30,258,000","5,382,000","1,367,000","11,416,000","12,441,000","10,216,000","8,760,000","9,492,000","6,247,619","9,819,540","6,617,000","7,855,096","6,088,152","6,170,000","5,194,770","4,771,367","6,456,854","6,296,000","6,566,748","4,109,351","5,002,212","7,173,051","3,015,212","2,503,556","4,286,019","3,739,396","3,619,171","3,568,933","2,893,876","2,262,513","1,900,000","1,800,000","1,800,000","1,400,000","1,400,000","1,400,000","2,300,000","1,400,000","1,400,000","1,600,000","1,600,000","1,800,000","2,000,000","1,900,000","1,900,000","2,000,000","2,700,000","2,900,000",,"3,600,000",,,,,,,,,,,,,,,,,,,,,,,,,,
	DepreciationAmortizationDepletionIncomeStatement,,,,,,,,,,,,,,,,,,,,,,,,,,,,,,,,,,,,,,,,,,,,,,,,,,,,,,,,,,,,,,,,,,,,,,,,,,,,,,,,,,,,,,"137,150","125,615","126,441","131,045","132,402","100,000","100,000","100,000","100,000","100,000","200,000","200,000","300,000","300,000","300,000","400,000","300,000","400,000","400,000","3,900,000","500,000","800,000","800,000","900,000","800,000",,"800,000","700,000","400,000","500,000","300,000","800,000",,,,"400,000","300,000",,"300,000","300,000","300,000","300,000","300,000","300,000","100,000",,"100,000",,,,
		DepreciationAndAmortizationInIncomeStatement,,,,,,,,,,,,,,,,,,,,,,,,,,,,,,,,,,,,,,,,,,,,,,,,,,,,,,,,,,,,,,,,,,,,,,,,,,,,,,,,,,,,,,"137,150","125,615","126,441","131,045","132,402","100,000","100,000","100,000","100,000","100,000","200,000","200,000","300,000","300,000","300,000","400,000","300,000","400,000","400,000","3,900,000","500,000","800,000","800,000","900,000","800,000",,"800,000","700,000","400,000","500,000","300,000","800,000",,,,"400,000","300,000",,"300,000","300,000","300,000","300,000","300,000","300,000","100,000",,"100,000",,,,
	OtherOperatingExpenses,,,,,,,,,,,,,,,,,,,,,,,,,,,,,,,,,,,,,,,,,,,,,,,,,,,,,,,,,,,,,,,,,,,,,,,,,,,,,,,,,,,,,,"-137,150",,,,,,,,,,,,,,,,,,,,,,,,,,,,,,,,,,,,,,,,,,,,,,,,,,
OperatingIncome,"-119,009,000","-22,852,000","-34,554,000","-34,234,000","-27,369,000","-28,916,000","36,482,000","-16,727,000","-17,663,000","-22,985,000","9,006,000","-16,942,000","-21,717,000","-41,087,000","-40,017,000","-44,662,000","-38,066,000","-35,011,000","-9,443,000","-31,117,000","-5,135,000","-12,508,000","-28,347,000","-34,708,000","-40,542,000","-27,615,000","-28,224,000","-28,610,000","-25,087,000","-21,239,000","13,781,000","-21,910,000","-26,500,000","-37,445,000","3,751,000","-11,337,000","-21,941,000","-1,312,000","-24,508,000","-25,248,000","-22,313,000","-18,702,000","-12,776,000","-19,466,000","-16,194,000","-15,102,000","-15,514,000","-13,378,000","-13,341,000","-12,224,000","-12,989,000","-12,681,000","-10,819,000","-4,510,000","-7,075,000","-9,412,000","-11,978,000","-13,367,000","-6,934,000","-1,833,000","-5,312,000","-5,974,000","-3,850,000","-7,089,000","-7,542,000","-3,833,000","-4,599,000","-5,412,000","-3,304,515","-4,036,055","-2,646,000","-2,835,509","-1,336,226","-1,078,000","-1,670,082","-4,474,216","-7,322,432","-6,782,000","-6,230,731","-4,257,811","-5,694,906","-8,095,863","-3,553,916","-3,210,791","-4,769,128","-4,591,367","-4,040,367","-2,663,842","553,386","-2,951,679","100,000","1,800,000","-100,000","-800,000","-1,700,000","-1,500,000","-2,300,000","-1,700,000","-1,900,000","-1,900,000","-2,100,000","-2,300,000","-2,400,000","-2,200,000","-2,200,000","-2,400,000","-3,100,000","-3,200,000","-3,800,000","-4,200,000","200,000","-5,400,000","-6,400,000","-6,100,000","-6,100,000","-4,800,000","-5,200,000","-4,600,000","-5,000,000","-3,800,000","-3,400,000","-4,500,000","700,000","-3,700,000","-2,800,000","-2,900,000","-2,800,000","-100,000","-2,500,000","-2,000,000","300,000","-1,700,000","-5,800,000","200,000","300,000","100,000"
NetNonOperatingInterestIncomeExpense,"-9,731,000","-1,249,000","-2,151,000","-2,751,000","-3,580,000","-4,668,000","-5,703,000","-5,669,000","-6,104,000","-5,726,000","-5,378,000","-4,299,000","-3,841,000","-3,456,000","-2,453,000","-2,569,000","-2,634,000","-3,070,000","-3,249,000","-4,147,000","-4,626,000","-4,700,000","-4,746,000","-6,168,000","-4,956,000","-4,972,000","-5,059,000","-5,143,000","-5,473,000","14,000","14,000","8,000",,"12,000","10,000","11,000",,"27,000","39,000","46,000",,"0","9,000","13,000",,"56,000","55,000","49,000",,"31,000","45,000","58,000",,"80,000",,,,,,,,,,,,,,,,,,,,,,,,,,,,,,,,,,,,,,,,,,,,,,,,,,,,,,,,,,,,,,,,,,,,,,,,,,,,,,,,,,
	InterestIncomeNonOperating,,,,,,,,,,,,,,,,,,,,,,,,,,,,,,"14,000","14,000","8,000",,"12,000","10,000","11,000",,"27,000","39,000","46,000",,"0","9,000","13,000",,"56,000","55,000","49,000",,"31,000","45,000","58,000",,"80,000",,,,,,,,,,,,,,,,,,,,,,,,,,,,,,,,,,,,,,,,,,,,,,,,,,,,,,,,,,,,,,,,,,,,,,,,,,,,,,,,,,
	InterestExpenseNonOperating,"9,731,000","1,249,000","2,151,000","2,751,000","3,580,000","4,668,000","5,703,000","5,669,000","6,104,000","5,726,000","5,378,000","4,299,000","3,841,000","3,456,000","2,453,000","2,569,000","2,634,000","3,070,000","3,249,000","4,147,000","4,626,000","4,700,000","4,746,000","6,168,000","4,956,000","4,972,000","5,059,000","5,143,000","5,436,000",,,,,,,,,,,,,,,,,,,,,,,,,,,,,,,,,,,,,,,,,,,,,,,,,,,,,,,,,,,,,,,,,,,,,,,,,,,,,,,,,,,,,,,,,,,,,,,,,,,,,,,,,,,
OtherIncomeExpense,"-657,000","-44,000","-467,000","-354,000","208,000","-467,000","609,000","22,000","-531,000","-377,000","1,186,000","-509,000","-17,888,000","792,000","671,000","424,000","-924,000","-532,000","-426,000","-21,418,000","894,000","-137,000","-1,059,000","-3,855,000","-424,000","659,000","56,000","13,000","86,000","-393,000","-160,000","-380,000","34,000","-19,000","52,000","100,000","178,000","-66,000","76,000","10,000","-61,000","33,000","14,000","-30,000","1,754,000","43,000","1,226,000","441,000","-52,000","-34,000","-64,000","86,000","517,000","-180,000","-271,000","16,000","55,000","524,000","727,000","813,000","3,287,000","65,000","-59,000","-19,000","-26,000","-22,000","345,000","-2,000","-21,296","-54,627","-1,000","3,928","1,349,195",,"-5,542","-21,280","6,803","1,573,000","217,569","166,142","232,085","171,609","558,796","35,143","83,320","112,808","248,706","17,449","19,483","6,050",,,"-100,000","200,000",,,,"100,000","100,000",,"0","100,000",,,"-200,000",,"-1,700,000",,,,,,,,,,,,,,,"100,000",,,,,,,,,,,,,,
	GainOnSaleOfSecurity,"92,000","54,000","16,000","11,000","11,000","13,000","10,000","11,000","62,000","646,000","443,000","1,032,000","1,287,000","1,422,000","1,382,000","1,369,000","814,000","662,000","595,000","293,000","143,000","115,000",,"146,000","106,000","108,000","60,000","51,000",,,,,,,,,,,,,,,,,,,,"341,000",,,,,,,,,,,,,,,,,,,,,,,,,,,,,,,,,,,,,,,,,,,,,,,,,,,,,,,,,,,,,,,,,,,,,,,,,,,,,,,,,,,,,,,,
	SpecialIncomeCharges,,,"0","0","0","0","37,000","0","-699,000","-825,000","318,000","-1,020,000","-19,342,000","-559,000","-406,000","-870,000","-686,000","-1,731,000","-1,117,000","-22,191,000","0","-386,000","-301,000","-4,130,000",,,,,,,,,,,,,,,,"10,000","-61,000","33,000","14,000","-30,000","1,754,000","43,000","1,226,000","100,000","-52,000","-34,000","-64,000","86,000","517,000","-180,000","-271,000","16,000","55,000","524,000","727,000","813,000","3,287,000","65,000","-59,000","-19,000","-26,000","-22,000","345,000","-2,000","-21,296","-54,627","-1,000","3,928","1,349,195",,"-5,542","-21,280","6,803","1,573,000","217,569","166,142","232,085","171,609","558,796","35,143","83,320","112,808","248,706","17,449","19,483","6,050",,,"-100,000","200,000",,,,"100,000","100,000",,"0","100,000",,,"-200,000",,"-1,700,000",,,,,,,,,,,,,,,"100,000",,,,,,,,,,,,,,
		RestructuringAndMergernAcquisition,,,"0","0","0","0","-37,000","0","699,000","825,000","512,000","1,020,000","19,342,000","559,000","406,000","870,000","686,000","1,731,000","393,000","0","0","386,000","301,000","4,130,000",,,,,,,,,,,,,,,,,,,,,,,,,,,,,,,,,,,,,,,,,,,,,,,,,,,,,,,,,,,,,,,,,,,,,,,,,,,,,,,,,,,,,,,,,,,,,,,,,,,,,,,,,,,,,,,,
		ImpairmentOfCapitalAssets,,,,,,,,,,,,,,,,,,,,,,,,,,,,,,,,,,,,,,,,,,,,,,,,,,,"0","0",,,,,,,,,,,,,,,,,,,,,,,,,,,,,,,,,,,,,,,,,,,,,,,,,,,,,,,,,,,,,,,,,,,,,,,,,,,,,,,,,,,,
		OtherSpecialCharges,,,,,,,,,,,,,,,,,,,"724,000","22,191,000",,,,,,,,,,,,,,,,,,,,,,,,,,,,,,,"64,000","-86,000",,,,,,,,,,,,,,,,,,,,,,,,,,,,,,,,,,,,,,,,,,,,,,,,,,,,,,,,,,,,,,,,,,,,,,,,,,,,,,,,,,,,
	OtherNonOperatingIncomeExpenses,"-749,000","-98,000","-483,000","-365,000","197,000","-480,000","562,000","11,000","106,000","-198,000","1,698,000","-521,000","167,000","-71,000","-305,000","-75,000","-1,052,000","537,000","96,000","480,000","751,000","134,000","-758,000","129,000","-530,000","551,000","-4,000","-38,000","17,000","-393,000","-160,000","-380,000","-10,000","-19,000","52,000","100,000","52,000","-66,000","76,000",,,,,,,,,,,,,,,,,,,,,,,,,,,,,,,,,,,,,,,,,,,,,,,,,,,,,,,,,,,,,,,,,,,,,,,,,,,,,,,,,,,,,,,,,,,,,,,,,
PretaxIncome,"-129,397,000","-24,145,000","-37,172,000","-37,339,000","-30,741,000","-34,051,000","31,388,000","-22,374,000","-24,298,000","-29,088,000","4,814,000","-21,750,000","-43,446,000","-43,751,000","-41,799,000","-46,807,000","-41,624,000","-38,613,000","-13,118,000","-56,682,000","-8,867,000","-17,345,000","-34,152,000","-44,731,000","-45,922,000","-31,928,000","-33,227,000","-33,740,000","-30,474,000","-21,618,000","13,635,000","-22,282,000","-26,499,000","-37,452,000","3,813,000","-11,226,000","-21,875,000","-1,351,000","-24,393,000","-25,192,000","-22,414,000","-18,669,000","-12,753,000","-19,483,000","-16,150,000","-15,003,000","-14,233,000","-12,888,000","-13,405,000","-12,227,000","-13,008,000","-12,537,000","-10,827,000","-4,610,000","-7,204,000","-9,396,000","-11,923,000","-12,843,000","-6,207,000","-1,020,000","-4,523,000","-5,152,000","-3,035,000","-6,243,000","-6,645,000","-2,980,000","-3,496,000","-4,696,000","-2,718,589","-3,546,027","-2,190,000","-2,467,634","322,259","-756,000","-1,322,319","-4,116,124","-6,859,183","-4,617,000","-5,272,348","3,199,262","-4,432,196","-6,839,868","-1,699,252","-1,530,711","-2,459,967","-2,032,103","-2,548,738",,,,,,,,,,,,,,,,,,,,,,,,,,,,,,,,,,,,,,"-2,900,000",,,"-100,000",,,,,,,,
TaxProvision,,,,,,,,,,,,,,,,,,,,,,,,,,,,,,,,,,,,,,,,"0","0","0","0","0","0","0","0","0","0","-103,000","0","-162,000","0","0","-101,000","1,000","5,000","5,000","5,000","12,000","7,000","9,000","9,000","10,000","0","1,000","6,000","10,000","1,551","4,949","19,000","2,872","20,487","4,000","10,290","10,290","125",,"12,850","22,275","0","33,000","33,000","61,812","0","27,600","55,000",,,,,,,,,,,,,,,,,,,,,,,,,,,,,,,,,,,,,,"0",,,"100,000",,,,,,,,
NetIncomeCommonStockholders,"-129,397,000","-24,145,000","-37,172,000","-37,339,000","-30,741,000","-34,051,000","31,388,000","-22,374,000","-24,298,000","-29,088,000","4,814,000","-21,750,000","-43,446,000","-43,751,000","-41,799,000","-46,807,000","-41,624,000","-38,613,000","-13,118,000","-56,682,000","-8,867,000","-17,345,000","-34,152,000","-44,731,000","-45,922,000","-31,928,000","-33,227,000","-33,740,000","-30,474,000","-21,618,000","13,635,000","-22,282,000","-26,499,000","-37,452,000","3,813,000","-11,226,000","-21,875,000","-1,351,000","-24,393,000","-25,192,000","-22,414,000","-18,669,000","-12,753,000","-19,483,000","-16,150,000","-15,003,000","-14,233,000","-12,888,000","-13,405,000","-12,124,000","-13,008,000","-12,375,000","-10,827,000","-4,610,000","-7,103,000","-9,397,000","-11,928,000","-12,848,000","-6,212,000","-1,032,000","-4,529,000","-5,161,000","-3,044,000","-6,253,000","-6,645,000","-2,981,000","-3,502,000","-4,706,000","-2,720,140","-3,550,976","-2,209,000","-2,470,506","302,259","-760,000","-1,332,609","-4,126,414","-6,859,308","-4,617,000","-5,285,198","-3,221,537","-4,432,196","-6,872,868","-1,732,252","-1,592,523","-8,194,445","-2,059,703","-2,603,738","-2,432,792","711,472","-2,804,379","100,000","1,800,000","-300,000","-700,000","-1,600,000","-2,500,000","-2,500,000","-1,700,000","-2,200,000","-1,800,000","-2,400,000","-4,100,000","-2,600,000","-2,300,000","-5,200,000","-2,700,000","-5,000,000","-3,600,000","-4,000,000","-4,300,000","-6,100,000","-5,500,000","-6,600,000","-6,100,000","-6,200,000","-4,900,000","-5,200,000","-4,600,000","-5,000,000","-3,800,000","-4,200,000","-4,200,000",,"-3,800,000","-2,900,000","-2,900,000","-2,800,000","-200,000","-2,500,000","-2,100,000",,"-1,900,000",,,,
	NetIncome,"-129,397,000","-24,145,000","-37,172,000","-37,339,000","-30,741,000","-34,051,000","31,388,000","-22,374,000","-24,298,000","-29,088,000","4,814,000","-21,750,000","-43,446,000","-43,751,000","-41,799,000","-46,807,000","-41,624,000","-38,613,000","-13,118,000","-56,682,000","-8,867,000","-17,345,000","-34,152,000","-44,731,000","-45,922,000","-31,928,000","-33,227,000","-33,740,000","-30,474,000","-21,618,000","13,635,000","-22,282,000","-26,499,000","-37,452,000","3,813,000","-11,226,000","-21,875,000","-1,351,000","-24,393,000","-25,192,000","-22,414,000","-18,669,000","-12,753,000","-19,483,000","-16,150,000","-15,003,000","-14,233,000","-12,888,000","-13,405,000","-12,124,000","-13,008,000","-12,375,000","-10,827,000","-4,610,000","-7,103,000","-9,397,000","-11,928,000","-12,848,000","-6,212,000","-1,032,000","-4,529,000","-5,161,000","-3,044,000","-6,253,000","-6,645,000","-2,981,000","-3,502,000","-4,706,000","-2,720,140","-3,550,976","-2,209,000","-2,470,506","302,259","-760,000","-1,332,609","-4,126,414","-6,859,308","-4,617,000","-5,285,198","-3,221,537","-4,432,196","-6,872,868","-1,732,252","-1,592,523","-8,194,445","-2,059,703","-2,603,738","-2,432,792","711,472","-2,804,379","100,000","1,800,000","-300,000","-700,000","-1,600,000","-1,600,000","-2,500,000","-1,500,000","-1,800,000","-1,800,000","-1,900,000","-2,300,000","-2,500,000","-2,300,000","-5,200,000","-2,700,000","-5,000,000","-3,600,000","-4,000,000","-4,300,000","-6,100,000","-5,500,000","-6,600,000","-6,100,000","-6,200,000","-4,900,000","-5,200,000","-4,600,000","-5,000,000","-3,800,000","-4,200,000","-4,200,000",,"-3,800,000","-2,900,000","-2,900,000","-2,800,000","-200,000","-2,500,000","-2,100,000",,"-1,600,000",,,,
		NetIncomeIncludingNoncontrollingInterests,"-129,397,000","-24,145,000","-37,172,000","-37,339,000","-30,741,000","-34,051,000","31,388,000","-22,374,000","-24,298,000","-29,088,000","4,814,000","-21,750,000","-43,446,000","-43,751,000","-41,799,000","-46,807,000","-41,624,000","-38,613,000","-13,118,000","-56,682,000","-8,867,000","-17,345,000","-34,152,000","-44,731,000","-45,922,000","-31,928,000","-33,227,000","-33,740,000","-30,474,000","-21,618,000","13,635,000","-22,282,000","-26,499,000","-37,452,000","3,813,000","-11,226,000","-21,875,000","-1,351,000","-24,393,000","-25,192,000","-22,414,000","-18,669,000","-12,753,000","-19,483,000","-16,150,000","-15,003,000","-14,233,000","-12,888,000","-13,405,000","-12,124,000","-13,008,000","-12,375,000","-10,827,000","-4,610,000","-7,103,000","-9,397,000","-11,928,000","-12,848,000","-6,212,000","-1,032,000","-4,529,000","-5,161,000","-3,044,000","-6,253,000","-6,645,000","-2,981,000","-3,502,000","-4,706,000","-2,720,140","-3,550,976","-2,209,000","-2,470,506","302,259","-760,000","-1,332,609","-4,126,414","-6,859,308","-4,617,000","-5,285,198","-3,221,537","-4,432,196","-6,872,868","-1,732,252","-1,592,523","-8,194,445","-2,059,703","-2,603,738","-2,432,792","711,472","-2,829,669","100,000","1,800,000","-500,000","-700,000","-1,600,000","-1,600,000","-2,800,000","-1,500,000","-1,800,000","-1,800,000","-1,900,000","-2,300,000","-2,500,000","-2,300,000","-5,200,000","-2,700,000","-5,000,000","-3,600,000","-4,000,000","-4,300,000","-6,100,000","-5,500,000","-6,600,000","-6,100,000","-6,200,000","-4,900,000","-5,200,000","-4,600,000","-5,000,000","-3,800,000","-4,200,000","-4,200,000","-3,100,000","-3,800,000","-2,900,000","-2,900,000","-2,800,000","-200,000","-2,500,000","-2,100,000","-2,100,000","-1,600,000","-1,500,000","-1,400,000","-1,400,000","-1,000,000"
			NetIncomeContinuousOperations,"-129,397,000","-24,145,000","-37,172,000","-37,339,000","-30,741,000","-34,051,000","31,388,000","-22,374,000","-24,298,000","-29,088,000","4,814,000","-21,750,000","-43,446,000","-43,751,000","-41,799,000","-46,807,000","-41,624,000","-38,613,000","-13,118,000","-56,682,000","-8,867,000","-17,345,000","-34,152,000","-44,731,000","-45,922,000","-31,928,000","-33,227,000","-33,740,000","-30,474,000","-21,618,000","13,635,000","-22,282,000","-26,499,000","-37,452,000","3,813,000","-11,226,000","-21,875,000","-1,351,000","-24,393,000","-25,192,000","-22,414,000","-18,669,000","-12,753,000","-19,483,000","-16,150,000","-15,003,000","-14,233,000","-12,888,000","-13,405,000","-12,124,000","-13,008,000","-12,375,000","-10,827,000","-4,610,000","-7,103,000","-9,397,000","-11,928,000","-12,848,000","-6,212,000","-1,032,000","-4,529,000","-5,161,000","-3,044,000","-6,253,000","-6,645,000","-2,981,000","-3,502,000","-4,706,000","-2,720,140","-3,550,976","-2,209,000","-2,470,506","302,259","-760,000","-1,332,609","-4,126,414","-6,859,308","-4,617,000","-5,285,198","-3,221,537","-4,432,196","-6,872,868","-1,732,252","-1,592,523","-2,459,967","-2,059,703","-2,603,738","-2,432,792","711,472","-2,804,379","100,000","1,800,000","-300,000","-700,000","-1,600,000","-1,600,000","-2,500,000","-1,500,000","-1,800,000","-1,800,000","-1,900,000","-2,300,000","-2,500,000","-2,300,000","-5,200,000","-2,700,000","-5,000,000","-3,600,000","-4,000,000","-4,300,000","-6,100,000","-5,500,000","-6,600,000","-6,100,000","-6,200,000","-4,900,000","-5,200,000","-4,600,000","-5,000,000","-3,800,000","-4,200,000","-4,200,000","-3,100,000","-3,800,000","-2,900,000","-2,900,000","-2,800,000","-200,000","-2,500,000","-2,100,000","-2,100,000","-1,600,000","-1,500,000","-1,400,000","-1,400,000","-1,000,000"
		MinorityInterests,,,,,,,,,,,,,,,,,,,,,,,,,,,,,,,,,,,,,,,,,,,,,,,,,,,,,,,,,,,,,,,,,,,,,,,,,,,,,,,,,,,,,,,,,"0","25,290",,,"200,000",,,,"300,000",,,,,,,,,,,,,,,,,,,,,,,,,,,,,,,,,,,,,,,
	PreferredStockDividends,,,,,,,,,,,,,,,,,,,,,,,,,,,,,,,,,,,,,,,,,,,,,,,,,,,,,,,,,,,,,,,,,,,,,,,,,,,,,,,,,,,,,,,,,,,,,"0",,,"900,000","0","200,000","400,000",,"500,000","1,800,000","100,000",,,,,,,,,,,,,,,,,,,,,,,,,,,,,"300,000",,,,
DilutedNIAvailtoComStockholders,"-129,397,000","-24,145,000","-37,172,000","-37,339,000","-30,741,000","-34,051,000","31,388,000","-22,374,000","-24,298,000","-29,088,000","4,814,000","-21,750,000","-43,446,000","-43,751,000","-41,799,000","-46,807,000","-41,624,000","-38,613,000","-13,118,000","-56,682,000","-8,867,000","-17,345,000","-34,152,000","-44,731,000","-45,922,000","-31,928,000","-33,227,000","-33,740,000","-30,474,000","-21,618,000","13,635,000","-22,282,000","-26,499,000","-37,452,000","3,813,000","-11,226,000","-21,875,000","-1,351,000","-24,393,000","-25,192,000","-22,414,000","-18,669,000","-12,753,000","-19,483,000","-16,150,000","-15,003,000","-14,233,000","-12,888,000","-13,405,000","-12,124,000","-13,008,000","-12,375,000","-10,827,000","-4,610,000","-7,103,000","-9,397,000","-11,928,000","-12,848,000","-6,212,000","-1,032,000","-4,529,000","-5,161,000","-3,044,000","-6,253,000","-6,645,000","-2,981,000","-3,502,000","-4,706,000","-2,720,140","-3,550,976","-2,209,000","-2,470,506","302,259","-760,000","-1,332,609","-4,126,414","-6,859,308","-4,617,000","-5,285,198","-3,221,537","-4,432,196","-6,872,868","-1,732,252","-1,592,523","-8,194,445","-2,059,703","-2,603,738","-2,432,792","711,472","-2,804,379","100,000","1,800,000","-300,000","-700,000","-1,600,000","-2,500,000","-2,500,000","-1,700,000","-2,200,000","-1,800,000","-2,400,000","-4,100,000","-2,600,000","-2,300,000","-5,200,000","-2,700,000","-5,000,000","-3,600,000","-4,000,000","-4,300,000","-6,100,000","-5,500,000","-6,600,000","-6,100,000","-6,200,000","-4,900,000","-5,200,000","-4,600,000","-5,000,000","-3,800,000","-4,200,000","-4,200,000",,"-3,800,000","-2,900,000","-2,900,000","-2,800,000","-200,000","-2,500,000","-2,100,000",,"-1,900,000",,,,
BasicEPS,,"-0.1","-0.17","-0.18","-0.15","-0.17","0.17","-0.13","-0.14","-0.17","0.03","-0.15","-0.29","-0.3","-0.28","-0.32","-0.31","-0.3","-0.11","-0.61","-0.1","-0.2","-0.39","-0.51","-0.51","-0.37","-0.38","-0.39","-0.35","-0.25","0.16","-0.26","-0.31","-0.44","0.04","-0.13","-0.26","-0.02","-0.29","-0.3","-0.29","-0.24","-0.17","-0.26","-0.23","-0.22","-0.21","-0.19",,"-0.21","-0.23","-0.22",,"-0.09","-0.14","-0.19",,"-0.3","-0.15","-0.02",,"-0.12","-0.07","-0.15",,"-0.07","-0.09","-0.11",,"-0.09","-0.05","-0.06",,"-0.02","-0.03","-0.1",,"-0.11","-0.12","-0.08",,"-0.17","-0.04","-0.04",,"-0.05","-0.07","-0.07",,"-0.09","0","0.07",,"-0.03","-0.06","-0.1",,"-0.07","-0.09","-0.08",,"-0.23","-0.15","-0.14",,"-0.18","-0.36","-0.28",,"-0.34","-0.48","-0.44",,"-0.51","-0.59","-0.46",,"-0.43","-0.47","-0.36",,"-0.4","-0.33","-0.44",,"-0.45","-0.45","-0.03",,"-0.33","-0.31","-1.25",,"-1.1","-1.1","-0.76"
DilutedEPS,,"-0.1","-0.17","-0.18","-0.15","-0.17","0.16","-0.13","-0.14","-0.17","0.03","-0.15","-0.29","-0.3","-0.28","-0.32","-0.31","-0.3","-0.11","-0.61","-0.1","-0.2","-0.39","-0.51","-0.51","-0.37","-0.38","-0.39","-0.35","-0.25","0.16","-0.26","-0.31","-0.44","0.04","-0.13","-0.26","-0.02","-0.29","-0.3","-0.29","-0.24","-0.17","-0.26","-0.23","-0.22","-0.21","-0.19",,"-0.21","-0.23","-0.22",,"-0.09","-0.14","-0.19",,"-0.3","-0.15","-0.02",,"-0.12","-0.07","-0.15",,"-0.07","-0.09","-0.11",,"-0.09","-0.05","-0.06",,"-0.02","-0.03","-0.1",,"-0.11","-0.12","-0.08",,"-0.17","-0.04","-0.04",,"-0.05","-0.07","-0.07",,"-0.09","0","0.05",,"-0.03","-0.06","-0.1",,"-0.07","-0.09","-0.08",,"-0.23","-0.15","-0.14",,"-0.18","-0.36","-0.28",,"-0.34","-0.48","-0.44",,"-0.51","-0.59","-0.46",,"-0.43","-0.47","-0.36",,"-0.4","-0.33","-0.44",,"-0.45","-0.45","-0.03",,"-0.33","-0.31","-1.25",,"-1.1","-1.1","-0.76"
BasicAverageShares,,"253,263,000","215,830,000","204,844,000","199,890,000","198,835,000","188,681,000","174,508,000","174,354,000","166,947,000","148,809,000","148,479,000","148,129,000","147,813,000","147,287,000","147,220,000","134,384,000","130,619,000","124,583,000","93,001,000","87,174,000","87,160,000","87,102,000","87,102,000","87,062,000","87,035,000","86,970,000","86,838,000","86,269,000","86,080,000","86,665,000","85,872,000","85,802,000","85,684,000","87,276,000","85,010,000","84,554,000","84,279,000","84,147,000","83,350,000","77,416,000","76,961,000","76,523,000","76,364,000","71,315,000","68,067,000","67,965,000","67,944,000",,"57,365,000","57,156,000","57,032,000",,"51,037,000","50,822,000","50,783,000",,"42,906,000","42,700,000","42,416,000",,"41,705,000","41,571,000","41,482,000",,"41,188,183","41,079,000","41,065,000",,"40,870,768","40,800,073","40,789,332",,"40,662,750","40,597,674","40,589,012",,"41,440,747","42,773,645","42,825,811",,"39,829,837","39,730,478","38,809,948",,"38,518,911","36,408,516","33,307,465",,"32,051,859","27,143,460","25,714,286",,"23,333,333","26,666,667","25,000,000",,"24,285,714","24,444,444","22,500,000",,"17,826,087","17,333,333","16,428,571",,"15,000,000","13,888,889","12,857,143",,"12,647,059","12,708,333","12,500,000",,"11,960,784","10,508,475","10,652,174",,"10,697,674","10,638,298","10,555,556",,"10,500,000","8,636,364","8,636,364",,"6,444,444","6,222,222","6,666,667",,"6,363,636","4,808,000","4,808,000",,,,
DilutedAverageShares,,"253,263,000","215,830,000","204,844,000","199,890,000","198,835,000","191,089,000","174,508,000","174,354,000","166,947,000","148,809,000","148,479,000","148,129,000","147,813,000","147,287,000","147,220,000","134,384,000","130,619,000","124,583,000","93,001,000","87,174,000","87,160,000","87,102,000","87,102,000","87,062,000","87,035,000","86,970,000","86,838,000","86,269,000","86,080,000","86,665,000","85,872,000","85,802,000","85,684,000","87,276,000","85,010,000","84,554,000","84,279,000","84,147,000","83,350,000","77,416,000","76,961,000","76,523,000","76,364,000","71,315,000","68,067,000","67,965,000","67,944,000",,"57,365,000","57,156,000","57,032,000",,"51,037,000","50,822,000","50,783,000",,"42,906,000","42,700,000","42,416,000",,"41,705,000","41,571,000","41,482,000",,"41,188,183","41,079,000","41,065,000",,"40,870,768","40,800,073","40,789,332",,"40,662,750","40,597,674","40,589,012",,"41,440,747","42,773,645","42,825,811",,"39,829,837","39,730,478","38,809,948",,"38,518,911","36,408,516","33,307,465",,"32,848,956","33,463,758","25,714,286",,"23,333,333","26,666,667","25,000,000",,"24,285,714","24,444,444","22,500,000",,"17,826,087","17,333,333","16,428,571",,"15,000,000","13,888,889","12,857,143",,"12,647,059","12,708,333","12,500,000",,"11,960,784","10,508,475","10,652,174",,"10,697,674","10,638,298","10,555,556",,"10,500,000","8,636,364","8,636,364",,"6,444,444","6,222,222","6,666,667",,"6,363,636","4,808,000","4,808,000",,,,
TotalOperatingIncomeAsReported,"-119,009,000","-22,852,000","-34,554,000","-34,234,000","-27,369,000","-28,916,000","36,519,000","-16,727,000","-18,362,000","-23,810,000","8,494,000","-17,962,000","-41,059,000","-41,646,000","-40,423,000","-45,532,000","-38,752,000","-36,742,000","-9,836,000","-31,117,000","-5,135,000","-12,894,000","-28,648,000","-38,838,000","-40,542,000","-27,615,000","-28,224,000","-28,610,000","-25,087,000","-21,239,000","13,781,000","-21,910,000","-26,500,000","-37,445,000","3,751,000","-11,337,000","-21,941,000","-1,312,000","-24,508,000","-25,248,000","-22,313,000","-18,702,000","-12,776,000","-19,466,000","-16,194,000","-15,102,000","-15,514,000","-13,378,000","-13,341,000","-12,224,000","-12,989,000","-12,681,000","-10,819,000","-4,510,000","-7,075,000","-9,412,000","-11,978,000","-13,367,000","-6,934,000","-1,833,000","-5,312,000","-5,974,000","-3,850,000","-7,089,000","-7,542,000","-3,833,000","-4,599,000","-5,412,000","-3,304,515","-4,036,055","-2,646,000","-2,835,509","-1,336,226","-1,078,000","-1,670,082","-4,474,216","-7,322,432","-6,782,000","-6,230,731","-4,257,811","-5,694,906","-8,095,863","-3,553,916","-3,210,791","-4,379,922","-4,728,517","-4,040,367","-2,663,842","553,386","-2,951,679","100,000","1,800,000","-100,000","-800,000","-1,700,000","-1,500,000","-2,300,000","-1,700,000","-1,900,000","-1,900,000","-2,100,000","-2,300,000","-2,400,000","-2,200,000","-2,200,000","-2,400,000","-3,100,000","-3,200,000","-3,800,000","-4,200,000",,"-5,400,000","-6,400,000","-6,100,000","-6,100,000","-4,800,000","-5,200,000","-4,600,000","-5,000,000","-3,800,000","-3,400,000","-4,500,000",,"-3,700,000","-2,800,000","-2,900,000","-2,800,000","-100,000","-2,500,000","-2,000,000",,"-1,700,000",,,,
TotalExpenses,"211,237,000","60,930,000","62,546,000","43,444,000","44,317,000","44,622,000","49,316,000","34,916,000","32,688,000","36,272,000","35,858,000","30,223,000","37,259,000","49,671,000","53,433,000","55,590,000","47,353,000","54,826,000","48,891,000","39,597,000","44,155,000","41,007,000","42,193,000","42,368,000","47,950,000","47,329,000","46,253,000","43,461,000","37,698,000","32,666,000","34,519,000","35,113,000","32,243,000","44,320,000","26,309,000","28,555,000","25,772,000","26,313,000","27,120,000","29,339,000","25,265,000","21,954,000","20,393,000","22,002,000","22,699,000","20,313,000","19,692,000","16,789,000","17,763,000","15,538,000","16,097,000","15,780,000","15,121,000","12,736,000","16,409,000","15,538,000","16,461,000","27,957,000","16,685,000","13,258,000","13,846,000","15,810,000","15,922,000","14,859,000","15,910,000","13,188,000","11,186,000","13,190,000","10,738,278","14,266,548","11,693,000","11,842,035","10,647,956","8,668,000","6,833,802","8,364,399","8,671,708","8,238,000","8,706,890","6,604,121","7,397,161","9,306,197","5,098,329","4,636,692","6,111,231","5,343,558","4,666,436","4,422,842","4,121,834","2,951,680","2,500,000","2,300,000","2,400,000","1,800,000","1,900,000","1,700,000","2,700,000","1,800,000","2,000,000","2,000,000","2,200,000","2,400,000","2,500,000","2,300,000","2,300,000","2,500,000","3,200,000","3,400,000","3,900,000","4,300,000",,"5,600,000","6,500,000","6,300,000","6,400,000","5,200,000","5,500,000","5,000,000","5,500,000","4,300,000","4,100,000","5,200,000",,"4,300,000","3,500,000","3,100,000","3,000,000","2,400,000","2,800,000","2,300,000",,"1,800,000",,,,
NetIncomeFromContinuingAndDiscontinuedOperation,"-129,397,000","-24,145,000","-37,172,000","-37,339,000","-30,741,000","-34,051,000","31,388,000","-22,374,000","-24,298,000","-29,088,000","4,814,000","-21,750,000","-43,446,000","-43,751,000","-41,799,000","-46,807,000","-41,624,000","-38,613,000","-13,118,000","-56,682,000","-8,867,000","-17,345,000","-34,152,000","-44,731,000","-45,922,000","-31,928,000","-33,227,000","-33,740,000","-30,474,000","-21,618,000","13,635,000","-22,282,000","-26,499,000","-37,452,000","3,813,000","-11,226,000","-21,875,000","-1,351,000","-24,393,000","-25,192,000","-22,414,000","-18,669,000","-12,753,000","-19,483,000","-16,150,000","-15,003,000","-14,233,000","-12,888,000","-13,405,000","-12,124,000","-13,008,000","-12,375,000","-10,827,000","-4,610,000","-7,103,000","-9,397,000","-11,928,000","-12,848,000","-6,212,000","-1,032,000","-4,529,000","-5,161,000","-3,044,000","-6,253,000","-6,645,000","-2,981,000","-3,502,000","-4,706,000","-2,720,140","-3,550,976","-2,209,000","-2,470,506","302,259","-760,000","-1,332,609","-4,126,414","-6,859,308","-4,617,000","-5,285,198","-3,221,537","-4,432,196","-6,872,868","-1,732,252","-1,592,523","-2,459,967","-2,059,703","-2,603,738","-2,432,792","711,472","-2,804,379","100,000","1,800,000","-300,000","-700,000","-1,600,000","-1,600,000","-2,500,000","-1,500,000","-1,800,000","-1,800,000","-1,900,000","-2,300,000","-2,500,000","-2,300,000","-5,200,000","-2,700,000","-5,000,000","-3,600,000","-4,000,000","-4,300,000","-6,100,000","-5,500,000","-6,600,000","-6,100,000","-6,200,000","-4,900,000","-5,200,000","-4,600,000","-5,000,000","-3,800,000","-4,200,000","-4,200,000",,"-3,800,000","-2,900,000","-2,900,000","-2,800,000","-200,000","-2,500,000","-2,100,000",,"-1,600,000",,,,
NormalizedIncome,"-129,489,000","-24,199,000","-37,188,000","-37,350,000","-30,752,000","-34,064,000","31,353,690","-22,385,000","-23,661,000","-28,909,000","4,258,470","-21,762,000","-25,391,000","-44,614,000","-42,775,000","-47,306,000","-41,752,000","-37,544,000","-12,596,000","-34,784,000","-9,010,000","-17,074,000","-33,851,000","-40,747,000","-46,028,000","-32,036,000","-33,287,000","-33,791,000","-30,474,000","-21,618,000","13,635,000","-22,282,000","-26,499,000","-37,452,000","3,813,000","-11,226,000","-21,875,000","-1,351,000","-24,393,000","-25,202,000","-22,353,000","-18,702,000","-12,767,000","-19,453,000","-17,904,000","-15,046,000","-15,459,000","-13,329,000","-13,353,000","-12,090,286.415","-12,944,000","-12,459,888.729","-11,344,000","-4,430,000","-6,835,799.417","-9,407,400","-11,963,750","-13,188,600","-6,684,550","-1,560,450","-6,665,550","-5,203,250","-3,008,600","-6,241,600","-6,619,000","-2,967,800","-3,709,000","-4,704,800","-2,707,362.4","-3,518,199.8","-2,208,400","-2,472,862.8","-961,163.507","-760,000","-1,329,283.8","-4,113,646","-6,863,389.8","-6,190,000","-5,415,739.4","-3,386,522.229","-4,664,281","-6,975,833.4","-2,067,529.6","-1,613,608.8","-2,543,287","-2,127,387.8","-2,752,961.6","-2,443,261.4","699,782.2","-2,808,009","100,000","1,800,000","-240,000","-820,000","-1,600,000","-1,600,000","-2,500,000","-1,560,000","-1,860,000","-1,800,000","-1,900,000","-2,360,000","-2,500,000","-2,300,000","-5,080,000","-2,700,000","-3,980,000","-3,600,000","-4,000,000","-4,300,000","-6,100,000","-5,500,000","-6,600,000","-6,100,000","-6,200,000","-4,900,000","-5,200,000","-4,600,000","-5,000,000","-3,800,000","-4,200,000","-4,260,000",,"-3,800,000","-2,900,000","-2,900,000","-2,800,000","-200,000","-2,500,000","-2,100,000",,"-1,600,000",,,,
InterestIncome,,,,,,,,,,,,,,,,,,,,,,,,,,,,,,"14,000","14,000","8,000",,"12,000","10,000","11,000",,"27,000","39,000","46,000",,"0","9,000","13,000",,"56,000","55,000","49,000",,"31,000","45,000","58,000",,"80,000",,,,,,,,,,,,,,,,,,,,,,,,,,,,,,,,,,,,,,,,,,,,,,,,,,,,,,,,,,,,,,,,,,,,,,,,,,,,,,,,,,
InterestExpense,"9,731,000","1,249,000","2,151,000","2,751,000","3,580,000","4,668,000","5,703,000","5,669,000","6,104,000","5,726,000","5,378,000","4,299,000","3,841,000","3,456,000","2,453,000","2,569,000","2,634,000","3,070,000","3,249,000","4,147,000","4,626,000","4,700,000","4,746,000","6,168,000","4,956,000","4,972,000","5,059,000","5,143,000","5,436,000",,,,,,,,,,,,,,,,,,,,,,,,,,,,,,,,,,,,,,,,,,,,,,,,,,,,,,,,,,,,,,,,,,,,,,,,,,,,,,,,,,,,,,,,,,,,,,,,,,,,,,,,,,,
NetInterestIncome,"-9,731,000","-1,249,000","-2,151,000","-2,751,000","-3,580,000","-4,668,000","-5,703,000","-5,669,000","-6,104,000","-5,726,000","-5,378,000","-4,299,000","-3,841,000","-3,456,000","-2,453,000","-2,569,000","-2,634,000","-3,070,000","-3,249,000","-4,147,000","-4,626,000","-4,700,000","-4,746,000","-6,168,000","-4,956,000","-4,972,000","-5,059,000","-5,143,000","-5,473,000","14,000","14,000","8,000",,"12,000","10,000","11,000",,"27,000","39,000","46,000",,"0","9,000","13,000",,"56,000","55,000","49,000",,"31,000","45,000","58,000",,"80,000",,,,,,,,,,,,,,,,,,,,,,,,,,,,,,,,,,,,,,,,,,,,,,,,,,,,,,,,,,,,,,,,,,,,,,,,,,,,,,,,,,
EBIT,"-119,666,000","-22,896,000","-35,021,000","-34,588,000","-27,161,000","-29,383,000","37,091,000","-16,705,000","-18,194,000","-23,362,000","10,192,000","-17,451,000","-39,605,000","-40,295,000","-39,346,000","-44,238,000","-38,990,000","-35,543,000","-9,869,000","-52,535,000","-4,241,000","-12,645,000","-29,406,000","-38,563,000","-40,966,000","-26,956,000","-28,168,000","-28,597,000","-25,934,000","-21,239,000","13,781,000","-21,910,000","-26,500,000","-37,445,000","3,751,000","-11,337,000","-21,941,000","-1,312,000","-24,508,000","-25,248,000","-22,313,000","-18,702,000","-12,776,000","-19,466,000","-16,194,000","-15,102,000","-15,514,000","-13,378,000","-13,341,000","-12,224,000","-12,989,000","-12,681,000","-10,819,000","-4,510,000","-7,075,000","-9,412,000","-11,978,000","-13,367,000","-6,934,000","-1,833,000","-5,312,000","-5,974,000","-3,850,000","-7,089,000","-7,542,000","-3,833,000","-4,599,000","-5,412,000","-3,304,515","-4,036,055","-2,646,000","-2,835,509","-1,336,226","-1,078,000","-1,670,082","-4,474,216","-7,322,432","-6,782,000","-6,230,731","-4,257,811","-5,694,906","-8,095,863","-3,553,916","-3,210,791","-4,769,128","-4,591,367","-4,040,367","-2,663,842","553,386","-2,951,679","100,000","1,800,000","-100,000","-800,000","-1,700,000","-1,500,000","-2,300,000","-1,700,000","-1,900,000","-1,900,000","-2,100,000","-2,300,000","-2,400,000","-2,200,000","-2,200,000","-2,400,000","-3,100,000","-3,200,000","-3,800,000","-4,200,000","200,000","-5,400,000","-6,400,000","-6,100,000","-6,100,000","-4,800,000","-5,200,000","-4,600,000","-5,000,000","-3,800,000","-3,400,000","-4,500,000","700,000","-3,700,000","-2,800,000","-2,900,000","-2,800,000","-100,000","-2,500,000","-2,000,000","300,000","-1,700,000","-5,800,000","200,000","300,000","100,000"
EBITDA,"-117,727,000"
ReconciledCostOfRevenue,,,,,,"34,413,000","39,578,000","24,685,000","22,921,000","27,408,000","26,055,000","21,015,000","28,559,000","38,893,000","43,681,000","47,243,000","38,701,000","44,831,000","39,843,000","31,689,000","35,319,000","32,888,000","33,657,000","32,909,000","38,652,000","36,094,000","38,199,000","35,132,000","30,437,000","25,666,000","27,647,000","28,018,000","25,787,000","38,280,000","20,862,000","22,029,000","20,399,000","21,318,000","21,656,000","0","0","0","0","0","0","0","0","0","0","0","0","0","0","0",,,,"9,015,000","2,426,000","1,729,000","-19,230,000","7,580,000","7,652,000","646,000","890,000","779,000","94,000","904,000","1,413,801","2,285,841","3,042,000","2,493,937","2,943,792","729,000","226,826","1,758,809","799,385","440,000","843,168","752,396","1,008,888","556,677","840,855","934,561","424,641","424,465","-125,615","-126,441","-131,045","-132,402","-100,000","-100,000","-100,000","-100,000","-100,000","-200,000","-200,000","-300,000","-300,000","-300,000","-400,000","-300,000","-400,000","-400,000","-3,900,000","-500,000","-800,000","-800,000","15,900,000","-800,000",,"3,800,000","4,500,000","4,800,000","-500,000","3,900,000","-13,200,000","4,200,000","4,600,000",,,,,"3,600,000","2,800,000","2,500,000","2,500,000","1,800,000","2,100,000","1,800,000",,"1,400,000",,,,
ReconciledDepreciation,"1,939,000","473,000","462,000","462,000","542,000","551,000","532,000","524,000","516,000","529,000","751,000","839,000","1,238,000","1,200,000","1,219,000","1,136,000","2,529,000","2,527,000","1,656,000","1,373,000","1,428,000","1,506,000",,"1,528,000","1,505,000","1,435,000","1,260,000","1,127,000","1,282,000","1,413,000","1,429,000","1,389,000","1,170,000","1,121,000","1,145,000","1,162,000","1,132,000","1,173,000","1,162,000","1,174,000","1,170,000","1,146,000","1,154,000","1,163,000","1,281,000","1,280,000","1,198,000","1,178,000","1,178,000","1,188,000","1,214,000","1,258,000","1,237,000","1,753,000","772,000","1,233,000","958,000","941,000","985,000","1,049,000","1,029,000","722,000","711,000","691,000","664,000","692,000","682,000","650,000","597,144","605,856","578,279","440,721","382,202","358,463","322,250","229,287","221,311","321,567","302,361","285,072",,,"246,551","228,225","223,618","137,150","125,615","126,441","131,045","132,402","100,000","100,000","100,000","100,000","100,000","200,000","200,000","300,000","300,000","300,000","400,000","300,000","400,000","400,000","3,900,000","500,000","800,000","800,000","900,000","800,000",,"800,000","700,000","400,000","600,000","300,000","800,000","200,000",,,"400,000","300,000",,"300,000","300,000","300,000","200,000","300,000","300,000","100,000",,"100,000",,,,
NetIncomeFromContinuingOperationNetMinorityInterest,"-129,397,000","-24,145,000","-37,172,000","-37,339,000","-30,741,000","-34,051,000","31,388,000","-22,374,000","-24,298,000","-29,088,000","4,814,000","-21,750,000","-43,446,000","-43,751,000","-41,799,000","-46,807,000","-41,624,000","-38,613,000","-13,118,000","-56,682,000","-8,867,000","-17,345,000","-34,152,000","-44,731,000","-45,922,000","-31,928,000","-33,227,000","-33,740,000","-30,474,000","-21,618,000","13,635,000","-22,282,000","-26,499,000","-37,452,000","3,813,000","-11,226,000","-21,875,000","-1,351,000","-24,393,000","-25,192,000","-22,414,000","-18,669,000","-12,753,000","-19,483,000","-16,150,000","-15,003,000","-14,233,000","-12,888,000","-13,405,000","-12,124,000","-13,008,000","-12,375,000","-10,827,000","-4,610,000","-7,103,000","-9,397,000","-11,928,000","-12,848,000","-6,212,000","-1,032,000","-4,529,000","-5,161,000","-3,044,000","-6,253,000","-6,645,000","-2,981,000","-3,502,000","-4,706,000","-2,720,140","-3,550,976","-2,209,000","-2,470,506","302,259","-760,000","-1,332,609","-4,126,414","-6,859,308","-4,617,000","-5,285,198","-3,221,537","-4,432,196","-6,872,868","-1,732,252","-1,592,523","-2,459,967","-2,059,703","-2,603,738","-2,432,792","711,472","-2,804,379","100,000","1,800,000","-300,000","-700,000","-1,600,000","-1,600,000","-2,500,000","-1,500,000","-1,800,000","-1,800,000","-1,900,000","-2,300,000","-2,500,000","-2,300,000","-5,200,000","-2,700,000","-5,000,000","-3,600,000","-4,000,000","-4,300,000","-6,100,000","-5,500,000","-6,600,000","-6,100,000","-6,200,000","-4,900,000","-5,200,000","-4,600,000","-5,000,000","-3,800,000","-4,200,000","-4,200,000",,"-3,800,000","-2,900,000","-2,900,000","-2,800,000","-200,000","-2,500,000","-2,100,000",,"-1,600,000",,,,
TotalUnusualItemsExcludingGoodwill,"92,000","54,000","16,000","11,000","11,000","13,000","47,000","11,000","-637,000","-179,000","761,000","12,000","-18,055,000","863,000","976,000","499,000","128,000","-1,069,000","-522,000","-21,898,000","143,000","-271,000","-301,000","-3,984,000","106,000","108,000","60,000","51,000",,,,,,,,,,,,"10,000","-61,000","33,000","14,000","-30,000","1,754,000","43,000","1,226,000","441,000","-52,000","-34,000","-64,000","86,000","517,000","-180,000","-271,000","16,000","55,000","524,000","727,000","813,000","3,287,000","65,000","-59,000","-19,000","-26,000","-22,000","345,000","-2,000","-21,296","-54,627","-1,000","3,928","1,349,195",,"-5,542","-21,280","6,803","1,573,000","217,569","166,142","232,085","171,609","558,796","35,143","83,320","112,808","248,706","17,449","19,483","6,050",,,"-100,000","200,000",,,,"100,000","100,000",,"0","100,000",,,"-200,000",,"-1,700,000",,,,,,,,,,,,,,,"100,000",,,,,,,,,,,,,,
TotalUnusualItems,"92,000","54,000","16,000","11,000","11,000","13,000","47,000","11,000","-637,000","-179,000","761,000","12,000","-18,055,000","863,000","976,000","499,000","128,000","-1,069,000","-522,000","-21,898,000","143,000","-271,000","-301,000","-3,984,000","106,000","108,000","60,000","51,000",,,,,,,,,,,,"10,000","-61,000","33,000","14,000","-30,000","1,754,000","43,000","1,226,000","441,000","-52,000","-34,000","-64,000","86,000","517,000","-180,000","-271,000","16,000","55,000","524,000","727,000","813,000","3,287,000","65,000","-59,000","-19,000","-26,000","-22,000","345,000","-2,000","-21,296","-54,627","-1,000","3,928","1,349,195",,"-5,542","-21,280","6,803","1,573,000","217,569","166,142","232,085","171,609","558,796","35,143","83,320","112,808","248,706","17,449","19,483","6,050",,,"-100,000","200,000",,,,"100,000","100,000",,"0","100,000",,,"-200,000",,"-1,700,000",,,,,,,,,,,,,,,"100,000",,,,,,,,,,,,,,
NormalizedEBITDA,"-117,819,000","-22,477,000","-34,575,000","-34,137,000","-26,630,000","-28,845,000","37,576,000","-16,192,000","-17,041,000","-22,654,000","10,182,000","-16,624,000","-20,312,000","-39,958,000","-39,103,000","-43,601,000","-36,589,000","-31,947,000","-7,691,000","-29,264,000","-2,956,000","-10,868,000","-29,105,000","-33,051,000","-39,567,000","-25,629,000","-26,968,000","-27,521,000","-24,652,000","-19,826,000","15,210,000","-20,521,000","-25,330,000","-36,324,000","4,896,000","-10,175,000","-20,809,000","-139,000","-23,346,000","-24,084,000","-21,082,000","-17,589,000","-11,636,000","-18,273,000","-16,667,000","-13,865,000","-15,542,000","-12,641,000","-12,111,000","-11,002,000","-11,711,000","-11,509,000","-10,099,000","-2,577,000","-6,032,000","-8,195,000","-11,075,000","-12,950,000","-6,676,000","-1,597,000","-7,570,000","-5,317,000","-3,080,000","-6,379,000","-6,852,000","-3,119,000","-4,262,000","-4,760,000","-2,686,075","-3,375,572","-2,066,721","-2,398,716","-2,303,219","-719,537","-1,342,290","-4,223,649","-7,107,924","-8,033,433","-6,145,939","-4,138,881","-5,926,991","-8,267,472","-3,866,161","-3,017,709","-4,628,830","-4,567,025","-4,163,458","-2,554,850","664,948","-2,825,327","200,000","1,900,000","100,000","-900,000","-1,600,000","-1,300,000","-2,100,000","-1,500,000","-1,700,000","-1,600,000","-1,700,000","-2,100,000","-2,000,000","-1,800,000","1,900,000","-1,900,000","-600,000","-2,400,000","-2,900,000","-3,400,000","200,000","-4,600,000","-5,700,000","-5,700,000","-5,500,000","-4,500,000","-4,400,000","-4,400,000","-5,000,000","-3,800,000","-3,000,000","-4,300,000","700,000","-3,400,000","-2,500,000","-2,600,000","-2,500,000","200,000","-2,200,000","-1,900,000","300,000","-1,600,000","-5,800,000","200,000","300,000","100,000"
TaxRateForCalcs,"0","0","0","0","0","0","0.27","0","0","0","0.27","0","0","0","0","0","0","0","0","0","0","0","0","0","0","0","0","0","0","0","0.35","0","0","0","0.35","0","0","0","0","0","0","0","0","0","0","0","0","0","0","0.008","0","0.013","0","0","0.014","0.35","0.35","0.35","0.35","0.35","0.35","0.35","0.4","0.4","0","0.4","0.4","0.4","0.4","0.4","0.4","0.4","0.064","0.4","0.4","0.4","0.4","0","0.4","0.007","0","0.4","0.4","0.4","0","0.4","0.4","0.4","0.4","0.4","0.4","0.4","0.4","0.4","0.4","0.4","0.4","0.4","0.4","0.4","0.4","0.4","0.4","0.4","0.4","0.4","0.4","0.4","0.4","0.4","0.4","0.4","0.4","0.4","0.4","0.4","0.4","0.4","0.4","0.4","0.4","0.4",,"0.4","0","0.4","0.4","0.4","0.4","0.4",,"0.4",,,,
TaxEffectOfUnusualItems,"0","0","0","0","0","0","12,690","0","0","0","205,470","0","0","0","0","0","0","0","0","0","0","0","0","0","0","0","0","0","0","0","0","0","0","0","0","0","0","0","0","0","0","0","0","0","0","0","0","0","0","-286.415","0","1,111.271","0","0","-3,799.417","5,600","19,250","183,400","254,450","284,550","1,150,450","22,750","-23,600","-7,600","0","-8,800","138,000","-800","-8,518.4","-21,850.8","-400","1,571.2","85,772.493","0","-2,216.8","-8,512","2,721.2","0","87,027.6","1,156.771","0","68,643.6","223,518.4","14,057.2","0","45,123.2","99,482.4","6,979.6","7,793.2","2,420","0","0","-40,000","80,000","0","0","0","40,000","40,000","0","0","40,000","0","0","-80,000","0","-680,000","0","0","0","0","0","0","0","0","0","0","0","0","0","0","40,000",,"0","0","0","0","0","0","0",,"0",,,,