name,ttm,03/31/2022,12/31/2021,09/30/2021,06/30/2021,03/31/2021,12/31/2020,09/30/2020,06/30/2020,03/31/2020,12/31/2019,09/30/2019,06/30/2019,03/31/2019,12/31/2018,09/30/2018,06/30/2018,03/31/2018,12/31/2017,09/30/2017,06/30/2017,03/31/2017,12/31/2016,09/30/2016,06/30/2016,03/31/2016,12/31/2015,09/30/2015,06/30/2015,03/31/2015,12/31/2014,09/30/2014,06/30/2014,03/31/2014,12/31/2013,09/30/2013,06/30/2013,03/31/2013,12/31/2012,09/30/2012,06/30/2012,03/31/2012,12/31/2011,09/30/2011,06/30/2011,03/31/2011,12/31/2010,09/30/2010,06/30/2010,03/31/2010,12/31/2009,09/30/2009,06/30/2009,03/31/2009,12/31/2008,09/30/2008,06/30/2008,03/31/2008,12/31/2007,09/30/2007,06/30/2007,03/31/2007,12/31/2006,09/30/2006,06/30/2006,03/31/2006,12/31/2005,09/30/2005,06/30/2005,03/31/2005
TotalRevenue,"1,433,172,000","338,874,000","400,257,000","355,814,000","338,227,000","330,907,000","353,525,000","340,211,000","331,587,000","330,273,000","384,567,000","325,341,000","296,250,000","292,707,000","332,058,000","200,413,000","208,227,000","202,681,000","195,816,000","192,580,000","176,821,000","175,522,000","181,043,000","185,452,000","258,822,000","244,818,000","260,034,000","232,472,000","207,346,000","186,862,000","186,306,000","173,559,000","165,399,000","142,815,000","139,092,000","142,020,000","138,385,000","124,625,000","128,064,000","112,214,000","93,458,000","104,701,000","112,009,000","104,022,000","95,956,000","92,890,000","117,133,000","130,061,000","111,398,000","95,760,000","90,181,000","83,408,000","68,932,000","66,580,000","99,344,000","120,506,000","161,109,000","138,253,000","76,089,000","62,155,000","58,416,000","49,192,000","18,528,000","18,528,000","18,528,000","2,653,000","1,032,000","1,032,000","1,032,000","1,032,000"
	OperatingRevenue,"1,433,172,000","338,874,000","400,257,000","355,814,000","338,227,000","330,907,000","353,525,000","340,211,000","331,587,000","330,273,000","384,567,000","325,341,000","296,250,000","292,707,000","332,058,000","200,413,000","208,227,000","202,681,000","195,816,000","192,580,000","176,821,000","175,522,000","181,043,000","185,452,000","258,822,000","244,818,000","260,034,000","232,472,000","207,346,000","186,862,000","186,306,000","173,559,000","165,399,000","142,815,000","139,092,000","142,020,000","138,385,000","124,625,000","128,064,000","112,214,000","93,458,000","104,701,000","112,009,000","104,022,000","95,956,000","92,890,000","117,133,000","130,061,000","111,398,000","95,760,000","90,181,000","83,408,000","68,932,000","66,580,000","99,344,000","120,506,000","161,109,000","138,253,000","76,089,000","62,155,000","58,416,000","49,192,000","18,528,000","18,528,000","18,528,000","2,653,000","1,032,000","1,032,000","1,032,000","1,032,000"
CostOfRevenue,"940,583,000","227,227,000","257,791,000","237,721,000","217,844,000","213,875,000","227,382,000","231,935,000","234,180,000","253,307,000","273,161,000","238,512,000","234,994,000","226,275,000","247,554,000","130,234,000","123,922,000","120,513,000","148,530,000","124,754,000","111,989,000","111,466,000","112,011,000","100,850,000","135,076,000","128,480,000","144,270,000","129,667,000","110,550,000","98,750,000","101,963,000","98,257,000","95,146,000","84,409,000","83,180,000","73,649,000","86,731,000","81,923,000","84,796,000","70,714,000","61,084,000","64,274,000","67,325,000","63,373,000","58,542,000","50,146,000","59,842,000","65,589,000","64,088,000","58,644,000","56,014,000","55,702,000","48,674,000","46,610,000","61,378,000","66,268,000","81,325,000","76,686,000","48,932,000","40,822,000","42,236,000","37,273,000",,,,,,,,
GrossProfit,"492,589,000","111,647,000","142,466,000","118,093,000","120,383,000","117,032,000","126,143,000","108,276,000","97,407,000","76,966,000","111,406,000","86,829,000","61,256,000","66,432,000","84,504,000","70,179,000","84,305,000","82,168,000","47,286,000","67,826,000","64,832,000","64,056,000","69,032,000","84,602,000","123,746,000","116,338,000","115,764,000","102,805,000","96,796,000","88,112,000","84,343,000","75,302,000","70,253,000","58,406,000","55,912,000","68,371,000","51,654,000","42,702,000","43,268,000","41,500,000","32,374,000","40,427,000","44,684,000","40,649,000","37,414,000","42,744,000","57,291,000","64,472,000","47,310,000","37,116,000","34,167,000","27,706,000","20,258,000","19,970,000","37,966,000","54,238,000","79,784,000","61,567,000","27,157,000","21,333,000","16,180,000","11,919,000",,,,,,,,
OperatingExpense,"575,797,000","140,871,000","148,098,000","142,523,000","144,305,000","137,212,000","126,167,000","127,469,000","133,592,000","139,044,000","144,080,000","141,986,000","154,005,000","153,798,000","172,394,000","95,146,000","104,244,000","107,009,000","101,687,000","102,074,000","105,337,000","101,883,000","114,900,000","95,461,000","107,664,000","101,467,000","101,975,000","88,545,000","80,266,000","72,955,000","71,477,000","67,822,000","62,201,000","59,462,000","62,993,000","61,926,000","60,262,000","57,644,000","58,781,000","59,705,000","61,773,000","60,311,000","63,673,000","62,351,000","61,491,000","58,753,000","60,067,000","60,342,000","57,053,000","57,257,000","53,580,000","46,348,000","47,736,000","43,284,000","44,930,000","41,013,000","37,186,000","36,993,000","34,800,000","29,722,000","25,875,000","29,288,000",,,,,,,,
	SellingGeneralAndAdministration,"258,680,000","63,714,000","67,463,000","61,524,000","65,979,000","59,278,000","56,481,000","57,137,000","61,917,000","66,309,000","67,993,000","63,377,000","73,323,000","73,081,000","64,293,000","44,488,000","48,086,000","48,328,000","46,464,000","45,458,000","47,960,000","46,800,000","47,150,000","44,606,000","48,123,000","47,322,000","49,416,000","43,079,000","36,845,000","33,698,000","34,128,000","32,771,000","30,463,000","30,116,000","32,134,000","29,398,000","28,581,000","27,918,000","32,121,000","31,793,000","30,097,000","29,326,000","32,455,000","30,657,000","28,592,000","27,444,000","28,841,000","30,456,000","28,130,000","28,774,000","26,737,000","22,737,000","22,936,000","21,250,000","21,635,000","19,884,000","19,362,000","18,663,000","18,670,000","15,064,000","11,759,000","13,193,000",,,,,,,,
		GeneralAndAdministrativeExpense,"116,799,000","27,890,000","28,411,000","28,301,000","32,197,000","26,506,000","24,336,000","28,183,000","30,101,000","29,620,000","30,014,000","27,621,000","35,672,000","33,044,000","26,341,000","18,415,000","18,365,000","17,836,000","17,069,000","17,634,000","18,563,000","17,359,000","16,726,000","16,646,000","17,658,000","17,313,000","15,316,000","18,358,000","15,310,000","12,656,000","11,840,000","11,977,000","12,381,000","12,254,000","12,277,000","11,678,000","11,426,000","9,872,000","11,563,000","12,508,000","12,320,000","11,084,000","14,119,000","13,112,000","13,635,000","13,509,000","12,304,000","15,609,000","14,448,000","15,737,000","13,291,000","10,373,000","11,478,000","10,127,000",,,,,,,,,,,,,,,,
			OtherGandA,"116,799,000","27,890,000","28,411,000","28,301,000","32,197,000","26,506,000","24,336,000","28,183,000","30,101,000","29,620,000","30,014,000","27,621,000","35,672,000","33,044,000","26,341,000","18,415,000","18,365,000","17,836,000","17,069,000","17,634,000","18,563,000","17,359,000","16,726,000","16,646,000","17,658,000","17,313,000","15,316,000","18,358,000","15,310,000","12,656,000","11,840,000","11,977,000","12,381,000","12,254,000","12,277,000","11,678,000","11,426,000","9,872,000","11,563,000","12,508,000","12,320,000","11,084,000","14,119,000","13,112,000","13,635,000","13,509,000","12,304,000","15,609,000","14,448,000","15,737,000","13,291,000","10,373,000","11,478,000","10,127,000",,,,,,,,,,,,,,,,
		SellingAndMarketingExpense,"141,881,000","35,824,000","39,052,000","33,223,000","33,782,000","32,772,000","32,145,000","28,954,000","31,816,000","36,689,000","37,979,000","35,756,000","37,651,000","40,037,000","37,952,000","26,073,000","29,721,000","30,492,000","29,395,000","27,824,000","29,397,000","29,441,000","30,424,000","27,960,000","30,465,000","30,009,000","34,100,000","24,721,000","21,535,000","21,042,000","22,288,000","20,794,000","18,082,000","17,862,000","19,857,000","17,720,000","17,155,000","18,046,000","20,558,000","19,285,000","17,777,000","18,242,000","18,336,000","17,545,000","14,957,000","13,935,000","16,537,000","14,847,000","13,682,000","13,037,000","13,446,000","12,364,000","11,458,000","11,123,000",,,,,,,,,,,,,,,,
	ResearchAndDevelopment,"299,776,000","73,411,000","75,783,000","76,648,000","73,934,000","73,529,000","64,728,000","65,636,000","67,090,000","68,180,000","68,632,000","71,748,000","73,937,000","73,660,000","78,805,000","50,658,000","56,158,000","58,681,000","55,223,000","56,616,000","57,377,000","55,083,000","67,750,000","50,855,000","59,541,000","54,145,000","52,559,000","45,466,000","43,421,000","39,257,000","37,349,000","35,051,000","31,738,000","29,346,000","30,859,000","32,528,000","31,681,000","29,726,000","26,660,000","27,912,000","31,676,000","30,985,000","31,218,000","31,694,000","32,899,000","31,309,000","31,226,000","29,886,000","28,923,000","28,483,000","26,829,000","23,589,000","24,763,000","21,997,000","23,256,000","21,092,000","17,787,000","18,293,000","16,093,000","14,621,000","14,079,000","16,058,000",,,,,,,,
	DepreciationAmortizationDepletionIncomeStatement,"16,796,000","3,746,000","4,307,000","4,351,000","4,392,000","4,405,000","4,745,000","4,696,000","4,585,000","4,555,000","6,617,000","6,861,000","6,745,000","7,057,000","22,207,000",,,,,,,,,,,,,,,,,,,,,,,,,,,,,,,,,,,,"14,000","22,000","37,000","37,000","39,000","37,000","37,000","37,000","37,000","37,000","37,000","37,000",,,,,,,,
		DepreciationAndAmortizationInIncomeStatement,"16,796,000","3,746,000","4,307,000","4,351,000","4,392,000","4,405,000","4,745,000","4,696,000","4,585,000","4,555,000","6,617,000","6,861,000","6,745,000","7,057,000","22,207,000",,,,,,,,,,,,,,,,,,,,,,,,,,,,,,,,,,,,"14,000","22,000","37,000","37,000","39,000","37,000","37,000","37,000","37,000","37,000","37,000","37,000",,,,,,,,
			Amortization,"16,796,000","3,746,000","4,307,000","4,351,000","4,392,000","4,405,000","4,745,000","4,696,000","4,585,000","4,555,000","6,617,000","6,861,000","6,745,000","7,057,000","22,207,000",,,,,,,,,,,,,,,,,,,,,,,,,,,,,,,,,,,,"14,000","22,000","37,000","37,000","39,000","37,000","37,000","37,000","37,000","37,000","37,000","37,000",,,,,,,,
				AmortizationOfIntangiblesIncomeStatement,"16,796,000","3,746,000","4,307,000","4,351,000","4,392,000","4,405,000","4,745,000","4,696,000","4,585,000","4,555,000","6,617,000","6,861,000","6,745,000","7,057,000","22,207,000",,,,,,,,,,,,,,,,,,,,,,,,,,,,,,,,,,,,"14,000","22,000","37,000","37,000","39,000","37,000","37,000","37,000","37,000","37,000","37,000","37,000",,,,,,,,
OperatingIncome,"-83,208,000","-29,224,000","-5,632,000","-24,430,000","-23,922,000","-20,180,000","-24,000","-19,193,000","-36,185,000","-62,078,000","-32,674,000","-55,157,000","-92,749,000","-87,366,000","-87,890,000","-24,967,000","-19,939,000","-24,841,000","-54,401,000","-34,248,000","-40,505,000","-37,827,000","-45,868,000","-10,859,000","16,082,000","14,871,000","13,789,000","14,260,000","16,530,000","15,157,000","12,866,000","7,480,000","8,052,000","-1,056,000","-7,081,000","6,445,000","-8,608,000","-14,942,000","-15,513,000","-18,205,000","-29,399,000","-19,884,000","-18,989,000","-21,702,000","-24,077,000","-16,009,000","-2,776,000","4,130,000","-9,743,000","-20,141,000","-19,413,000","-18,642,000","-27,478,000","-23,314,000","-6,964,000","13,225,000","42,598,000","24,574,000","-7,643,000","-8,389,000","-9,695,000","-17,369,000","-125,252,000","18,528,000","18,528,000","2,653,000","-66,790,000","1,032,000","1,032,000","1,032,000"
NetNonOperatingInterestIncomeExpense,"-41,780,000","-4,939,000","-12,251,000","-12,600,000","-11,990,000","-11,803,000","-12,820,000","-12,638,000","-12,382,000","-8,770,000","-8,887,000","-7,737,000","-6,587,000","-6,797,000","-15,272,000","292,000","-1,864,000","-2,786,000","-2,791,000","-2,670,000","-2,593,000","-2,635,000","-2,604,000","-2,606,000","-2,593,000","-2,604,000","-2,599,000","-2,598,000","-2,396,000","-2,476,000","-2,425,000","-2,408,000","-2,391,000","-2,341,000","-2,347,000","-2,346,000","-642,000","197,000","233,000","175,000","228,000","275,000","272,000","205,000","225,000","312,000","297,000","283,000","325,000","485,000","732,000","441,000","597,000","918,000",,,,,,,,,,,,,,,,
	InterestIncomeNonOperating,"468,000","53,000","366,000","22,000","27,000","40,000","33,000","7,000","54,000","24,000","59,000","131,000","183,000","766,000","610,000","292,000","629,000","897,000","858,000","857,000","862,000","751,000","714,000","647,000","595,000","522,000","466,000","406,000","551,000","414,000","410,000","373,000","337,000","336,000","287,000","232,000","207,000","197,000","233,000","175,000","228,000","275,000","272,000","205,000","225,000","312,000","297,000","283,000","325,000","485,000","732,000","441,000","597,000","918,000",,,,,,,,,,,,,,,,
	InterestExpenseNonOperating,"42,248,000","4,992,000","12,617,000","12,622,000","12,017,000","11,843,000","12,853,000","12,645,000","12,436,000","8,794,000","8,946,000","7,868,000","6,486,000","7,563,000","16,284,000","0","2,330,000","3,683,000","4,314,000","3,299,000","3,233,000","3,170,000","3,107,000","3,047,000","2,987,000","2,930,000","2,874,000","2,818,000","2,765,000","2,713,000","2,663,000","2,612,000","2,564,000","817,000","2,478,000","2,426,000","799,000",,,,,,,,,,,,,,"0","0","0","0",,,,,,,,,,,,,,,,
	TotalOtherFinanceCost,,,,,,,,,,,,,"284,000",,,,"163,000",,,"228,000","222,000","216,000","211,000","206,000","201,000","196,000","191,000","186,000","182,000","177,000","172,000","169,000","164,000","1,860,000","156,000","152,000","50,000",,,,,,,,,,,,,,,,,,,,,,,,,,,,,,,,,
OtherIncomeExpense,"-21,904,000","-1,250,000","-12,738,000","-11,309,000","3,393,000","-15,328,000","4,025,000","-2,706,000","-10,433,000","-27,484,000","-25,196,000","-20,325,000","-12,425,000","-27,245,000","-32,470,000","-5,640,000","-251,000","669,000","-17,804,000","-80,000","-252,000","-130,000","8,118,000","-188,000","-714,000","-214,000","611,000","-3,293,000","4,780,000","301,000","-348,000","-24,000","-264,000","-729,000","-336,000","-444,000","-158,000","-203,000","-158,000","-617,000","149,000","-424,000","-87,000","188,000","20,000","-411,000","36,000","172,000","-206,000","-477,000","-639,000","-762,000","-127,000","-1,814,000","-1,741,000","37,000","296,000","880,000","733,000","533,000","-15,978,000","-1,537,000",,,,,,,,
	SpecialIncomeCharges,"-17,652,000","-7,270,000","-4,510,000","-6,546,000","674,000","-2,933,000","-6,752,000","-7,724,000","-8,441,000","-14,802,000","-28,197,000","-14,130,000","-15,635,000","-24,322,000","-26,334,000","-191,000","-1,680,000","163,000","-16,106,000",,,,,,,,,,,,,,,,,,,,"892,000","-617,000","149,000","-424,000","-87,000","188,000","20,000","-411,000","36,000","172,000","-206,000","-477,000","-639,000","-762,000","-127,000","-1,814,000","-1,741,000","37,000","296,000","880,000","733,000","533,000","-15,978,000","-1,537,000",,,,,,,,
		RestructuringAndMergernAcquisition,"9,566,000","7,270,000","-3,576,000","6,546,000","-674,000","2,933,000","-3,567,000","7,724,000","6,665,000","14,802,000","13,487,000","14,130,000","15,635,000","12,984,000","24,400,000","191,000","947,000","-139,000","16,106,000",,,,,,,,,,,,,,,,,,,,"0",,,,"-129,000","0","0","0","0","0","-2,000","161,000","213,000","601,000",,,,,,,,,,,,,,,,,,
		ImpairmentOfCapitalAssets,,,,,,,,,"1,398,000",,,,,,,,"783,000",,,,,,,,,,,,,,,,,,,,,,,,,,,,,,"0","0","0",,"0","161,000","933,000",,,,,,,,,,,,,,,,,
		WriteOff,,,,,,,,,"378,000",,,,,,"2,717,000",,"-50,000","-24,000",,,,,,,,,,,,,,,,,,,,,,,,,,,,,,,,,,,,,,,,,,,,,,,,,,,,
		OtherSpecialCharges,,,,,,,,,,,,,,"11,338,000",,,,,,,,,,,,,,,,,,,,,,,,,,,,,"216,000","-188,000","-20,000","411,000","-36,000","-172,000","208,000","316,000",,"-870,000","-806,000",,,,,,,,,,,,,,,,,
	OtherNonOperatingIncomeExpenses,"-4,252,000","6,020,000","-8,228,000","-4,763,000","2,719,000","-12,395,000","10,777,000","5,018,000","-1,992,000","-12,682,000","3,001,000","-6,195,000","3,210,000","-2,923,000","-6,136,000","-5,449,000","1,429,000","506,000","-1,698,000","-80,000","-252,000","-130,000","8,118,000","-188,000","-714,000","-214,000","611,000","-3,293,000","4,780,000","301,000","-348,000","-24,000","-264,000","-729,000","-336,000","-444,000","-158,000","-203,000","-158,000",,,,,,,,,,,,,,,,,,,,,,,,,,,,,,,
PretaxIncome,"-146,892,000","-35,413,000","-30,621,000","-48,339,000","-32,519,000","-47,311,000","-8,819,000","-34,537,000","-59,000,000","-98,332,000","-66,757,000","-83,219,000","-112,271,000","-121,408,000","-133,455,000","-32,475,000","-22,062,000","-26,958,000","-74,956,000","-37,020,000","-43,351,000","-40,609,000","-40,279,000","-13,713,000","12,787,000","12,024,000","11,776,000","8,359,000","18,914,000","12,982,000","10,093,000","5,048,000","5,397,000","-4,126,000","-9,764,000","3,655,000","-9,408,000","-14,948,000","-15,438,000","-18,647,000","-29,022,000","-20,033,000","-18,804,000","-21,309,000","-23,832,000","-16,108,000","-2,443,000","4,585,000","-9,624,000","-20,133,000","-19,182,000","-18,093,000","-27,008,000","-24,210,000","-7,392,000","14,937,000","45,152,000","28,754,000","-3,763,000","-5,464,000","-26,063,000","-19,784,000",,,,,,,,
TaxProvision,"17,414,000","6,437,000","2,447,000","5,455,000","3,075,000","1,011,000","1,105,000","1,359,000","2,635,000","936,000","-163,000","1,548,000","1,385,000","193,000","12,000","135,000","-124,000","-678,000","-971,000","211,000","-512,000","-158,000","-4,026,000","-2,416,000","1,475,000","216,000","-392,000","-151,000","1,008,000","616,000","1,683,000","205,000","617,000","248,000","414,000","308,000","601,000","331,000","650,000","434,000","527,000","579,000","546,000","497,000","362,000","286,000","297,000","225,000","-63,000","-142,000","-531,000","-1,561,000","103,000","118,000","-704,000",,"2,267,000","1,160,000","144,000","62,000","33,000","29,000",,,,,,,,
NetIncomeCommonStockholders,"-164,306,000","-41,850,000","-33,068,000","-53,794,000","-35,594,000","-48,322,000","-9,924,000","-35,896,000","-61,635,000","-99,268,000","-66,594,000","-84,767,000","-113,656,000","-121,601,000","-133,467,000","-32,610,000","-21,938,000","-26,280,000","-73,985,000","-37,231,000","-42,839,000","-40,451,000","-36,253,000","-11,172,000","11,483,000","12,015,000","12,631,000","8,510,000","17,906,000","12,366,000","8,410,000","4,843,000","4,780,000","-4,374,000","-10,178,000","3,347,000","-10,009,000","-15,279,000","-16,088,000","-19,081,000","-29,549,000","-20,612,000","-19,350,000","-21,806,000","-24,194,000","-16,394,000","-2,740,000","4,360,000","-9,561,000","-19,991,000","-18,651,000","-16,532,000","-27,111,000","-24,328,000","-6,688,000","14,937,000","42,885,000","27,594,000","-3,907,000","-5,526,000","-26,096,000","-19,813,000","-23,914,000","-23,914,000","-23,914,000","-18,193,000","-16,775,000","-16,775,000","-16,775,000","-16,775,000"
	NetIncome,"-164,306,000","-41,850,000","-33,068,000","-53,794,000","-35,594,000","-48,322,000","-9,924,000","-35,896,000","-61,635,000","-99,268,000","-66,594,000","-84,767,000","-113,656,000","-121,601,000","-133,467,000","-32,610,000","-21,938,000","-26,280,000","-73,985,000","-37,231,000","-42,839,000","-40,451,000","-36,253,000","-11,172,000","11,483,000","12,015,000","12,631,000","8,510,000","17,906,000","12,366,000","8,410,000","4,843,000","4,780,000","-4,374,000","-10,178,000","3,347,000","-10,009,000","-15,279,000","-16,088,000","-19,081,000","-29,549,000","-20,612,000","-19,350,000","-21,806,000","-24,194,000","-16,394,000","-2,740,000","4,360,000","-9,561,000","-19,991,000","-18,651,000","-16,532,000","-27,111,000","-24,328,000","-6,688,000","14,937,000","42,885,000","27,594,000","-3,907,000","-5,526,000","-26,096,000","-19,813,000","-23,914,000","-23,914,000","-23,914,000","-18,193,000","-16,775,000","-16,775,000","-16,775,000","-16,775,000"
		NetIncomeIncludingNoncontrollingInterests,"-164,306,000","-41,850,000","-33,068,000","-53,794,000","-35,594,000","-48,322,000","-9,924,000","-35,896,000","-61,635,000","-99,268,000","-66,594,000","-84,767,000","-113,656,000","-121,601,000","-133,467,000","-32,610,000","-21,938,000","-26,280,000","-73,985,000","-37,231,000","-42,839,000","-40,451,000","-36,253,000","-11,297,000","11,312,000","11,808,000","12,168,000","8,510,000","17,906,000","12,366,000","8,410,000","4,843,000","4,780,000","-4,374,000","-10,178,000","3,347,000","-10,009,000","-15,279,000","-16,088,000","-19,081,000","-29,549,000","-20,612,000","-19,350,000","-21,806,000","-24,194,000","-16,394,000","-2,740,000","4,360,000","-9,561,000","-19,991,000","-18,651,000","-16,532,000","-27,111,000","-24,328,000","-6,688,000","14,937,000","42,885,000","27,594,000","-3,907,000","-5,526,000","-26,096,000","-19,813,000","-23,914,000","-23,914,000","-23,914,000","-18,193,000","-16,775,000","-16,775,000","-16,775,000","-16,775,000"
			NetIncomeContinuousOperations,"-164,306,000","-41,850,000","-33,068,000","-53,794,000","-35,594,000","-48,322,000","-9,924,000","-35,896,000","-61,635,000","-99,268,000","-66,594,000","-84,767,000","-113,656,000","-121,601,000","-133,467,000","-32,610,000","-21,938,000","-26,280,000","-73,985,000","-37,231,000","-42,839,000","-40,451,000","-36,253,000","-11,297,000","11,312,000","11,808,000","12,168,000","8,510,000","17,906,000","12,366,000","8,410,000","4,843,000","4,780,000","-4,374,000","-10,178,000","3,347,000","-10,009,000","-15,279,000","-16,088,000","-19,081,000","-29,549,000","-20,612,000","-19,350,000","-21,806,000","-24,194,000","-16,394,000","-2,740,000","4,360,000","-9,561,000","-19,991,000","-18,651,000","-16,532,000","-27,111,000","-24,328,000","-6,688,000","14,937,000","42,885,000","27,594,000","-3,907,000","-5,526,000","-26,096,000","-19,813,000","-23,914,000","-23,914,000","-23,914,000","-18,193,000","-16,491,000","-16,491,000","-16,491,000","-16,491,000"
			NetIncomeExtraordinary,,,,,,,,,,,,,,,,,,,,,,,,,,,,,,,,,,,,,,,,,,,,,,,,,,,,,,,,,,,,,,,,,,,"-284,000","-284,000","-284,000","-284,000"
		MinorityInterests,,,,,,,,,,,,,,,,,,,"0","0","0","0","0","125,000","171,000","207,000","463,000",,,,,,,,,,,,,,,,,,,,,,,,,,,,,,,,,,,,,,,,,,,
DilutedNIAvailtoComStockholders,"-164,306,000","-41,850,000","-33,068,000","-53,794,000","-35,594,000","-48,322,000","-9,924,000","-35,896,000","-61,635,000","-99,268,000","-66,594,000","-84,767,000","-113,656,000","-121,601,000","-133,467,000","-32,610,000","-21,938,000","-26,280,000","-73,985,000","-37,231,000","-42,839,000","-40,451,000","-36,253,000","-11,172,000","11,483,000","12,015,000","12,631,000","8,510,000","17,906,000","12,366,000","8,410,000","4,843,000","4,780,000","-4,374,000","-10,178,000","3,347,000","-10,009,000","-15,279,000","-16,088,000","-19,081,000","-29,549,000","-20,612,000","-19,350,000","-21,806,000","-24,194,000","-16,394,000","-2,740,000","4,360,000","-9,561,000","-19,991,000","-18,651,000","-16,532,000","-27,111,000","-24,328,000","-6,688,000","14,937,000","42,885,000","27,594,000","-3,907,000","-5,526,000","-26,096,000","-19,813,000","-23,914,000","-23,914,000","-23,914,000","-18,193,000","-16,775,000","-16,775,000","-16,775,000","-16,775,000"
BasicEPS,,"-0.2","-0.16","-0.26","-0.17","-0.24","-0.05","-0.19","-0.33","-0.55","-0.37","-0.47","-0.64","-0.69","-0.75","-0.21","-0.14","-0.17","-0.5","-0.25","-0.29","-0.28","-0.25","-0.08","0.08","0.09","0.09","0.06","0.14","0.1","0.07","0.04","0.04","-0.04","-0.08","0.03","-0.09","-0.13","-0.14","-0.17","-0.27","-0.19",,"-0.21","-0.23","-0.16",,"0.04","-0.1","-0.21",,"-0.17","-0.28","-0.26",,"0.16","0.47","0.3",,"-0.07","-1.1","-2.62",,"-3.76","-3.76","-3.63",,"-3.52","-3.52","-3.52"
DilutedEPS,,"-0.2","-0.16","-0.26","-0.17","-0.24","-0.05","-0.19","-0.33","-0.55","-0.37","-0.47","-0.64","-0.69","-0.75","-0.21","-0.14","-0.17","-0.5","-0.25","-0.29","-0.28","-0.25","-0.08","0.08","0.08","0.08","0.06","0.13","0.09","0.06","0.04","0.04","-0.04","-0.08","0.03","-0.09","-0.13","-0.14","-0.17","-0.27","-0.19",,"-0.21","-0.23","-0.16",,"0.04","-0.1","-0.21",,"-0.17","-0.28","-0.26",,"0.15","0.44","0.29",,"-0.07","-1.1","-2.62",,"-3.76","-3.76","-3.63",,"-3.52","-3.52","-3.52"
BasicAverageShares,,"212,182,000","210,908,000","209,183,000","206,780,000","202,638,000","195,655,000","189,589,000","185,596,000","182,024,000","180,864,000","179,988,000","178,677,000","176,406,000","174,908,000","153,492,000","152,259,000","150,333,000","149,412,000","148,777,000","147,538,000","145,786,000","144,770,000","143,850,000","142,396,000","140,805,000","140,015,000","134,834,000","130,349,000","127,840,000","125,830,000","124,378,000","123,128,000","121,352,000","119,743,000","118,740,000","116,911,000","114,308,000","112,311,000","111,579,000","110,403,000","108,666,000",,"106,264,000","105,165,000","103,426,000",,"99,976,000","98,777,000","97,276,000",,"95,864,000","95,161,000","94,275,000",,"92,888,000","92,124,000","91,250,000",,"84,017,000","23,678,000","7,560,000",,"60,389,000","60,389,000","5,010,000",,"4,605,000","4,605,000","4,605,000"
DilutedAverageShares,,"212,182,000","210,908,000","209,183,000","206,780,000","202,638,000","195,655,000","189,589,000","185,596,000","182,024,000","180,864,000","179,988,000","178,677,000","176,406,000","174,908,000","153,492,000","152,259,000","150,333,000","149,412,000","148,777,000","147,538,000","145,786,000","144,770,000","143,850,000","145,891,000","146,880,000","149,439,000","145,300,000","140,642,000","137,304,000","133,072,000","128,964,000","126,758,000","121,352,000","119,743,000","124,679,000","116,911,000","114,308,000","112,311,000","111,579,000","110,403,000","108,666,000",,"106,264,000","105,165,000","103,426,000",,"105,159,000","98,777,000","97,276,000",,"95,864,000","95,161,000","94,275,000",,"97,208,000","97,284,000","96,692,000",,"84,017,000","23,678,000","7,560,000",,"60,389,000","60,389,000","5,010,000",,"4,605,000","4,605,000","4,605,000"
TotalOperatingIncomeAsReported,"-100,860,000","-36,494,000","-10,142,000","-30,976,000","-23,248,000","-23,113,000","-6,776,000","-26,917,000","-44,626,000","-76,880,000","-60,871,000","-69,287,000","-108,384,000","-111,688,000","-114,224,000","-25,158,000","-21,619,000","-24,678,000","-70,507,000","-34,248,000","-40,505,000","-37,827,000","-45,868,000","-10,859,000","16,082,000","14,871,000","13,789,000","14,260,000","16,530,000","15,157,000","12,866,000","7,480,000","8,052,000","-1,056,000","-7,081,000","6,445,000","-8,608,000","-14,942,000","-15,513,000","-18,205,000","-29,399,000","-19,884,000","-18,860,000","-21,702,000","-24,077,000","-16,009,000","-2,776,000","4,130,000","-9,741,000","-20,302,000","-19,626,000","-19,243,000","-27,478,000","-23,314,000","-6,964,000","13,225,000","42,598,000","24,574,000","-7,643,000","-8,389,000","-9,695,000","-17,369,000",,,,,,,,
TotalExpenses,"1,516,380,000","368,098,000","405,889,000","380,244,000","362,149,000","351,087,000","353,549,000","359,404,000","367,772,000","392,351,000","417,241,000","380,498,000","388,999,000","380,073,000","419,948,000","225,380,000","228,166,000","227,522,000","250,217,000","226,828,000","217,326,000","213,349,000","226,911,000","196,311,000","242,740,000","229,947,000","246,245,000","218,212,000","190,816,000","171,705,000","173,440,000","166,079,000","157,347,000","143,871,000","146,173,000","135,575,000","146,993,000","139,567,000","143,577,000","130,419,000","122,857,000","124,585,000","130,998,000","125,724,000","120,033,000","108,899,000","119,909,000","125,931,000","121,141,000","115,901,000","109,594,000","102,050,000","96,410,000","89,894,000","106,308,000","107,281,000","118,511,000","113,679,000","83,732,000","70,544,000","68,111,000","66,561,000",,,,,,,,
NetIncomeFromContinuingAndDiscontinuedOperation,"-164,306,000","-41,850,000","-33,068,000","-53,794,000","-35,594,000","-48,322,000","-9,924,000","-35,896,000","-61,635,000","-99,268,000","-66,594,000","-84,767,000","-113,656,000","-121,601,000","-133,467,000","-32,610,000","-21,938,000","-26,280,000","-73,985,000","-37,231,000","-42,839,000","-40,451,000","-36,253,000","-11,172,000","11,483,000","12,015,000","12,631,000","8,510,000","17,906,000","12,366,000","8,410,000","4,843,000","4,780,000","-4,374,000","-10,178,000","3,347,000","-10,009,000","-15,279,000","-16,088,000","-19,081,000","-29,549,000","-20,612,000","-19,350,000","-21,806,000","-24,194,000","-16,394,000","-2,740,000","4,360,000","-9,561,000","-19,991,000","-18,651,000","-16,532,000","-27,111,000","-24,328,000","-6,688,000","14,937,000","42,885,000","27,594,000","-3,907,000","-5,526,000","-26,096,000","-19,813,000","-23,914,000","-23,914,000","-23,914,000","-18,193,000","-16,491,000","-16,491,000","-16,491,000","-16,491,000"
NormalizedIncome,"-153,714,800","-37,488,000","-29,775,700","-49,015,420","-36,086,020","-46,180,910","-4,995,040","-30,257,480","-55,473,070","-88,462,540","-38,465,848.375","-74,452,100","-102,242,450","-103,845,940","-114,243,180","-32,470,570","-20,267,442.48","-26,438,900.512","-73,985,000","-37,231,000","-42,839,000","-40,451,000","-36,253,000","-11,172,000","11,483,000","12,015,000","12,631,000","8,510,000","17,906,000","12,366,000","8,410,000","4,843,000","4,780,000","-4,374,000","-10,178,000","3,347,000","-10,009,000","-15,279,000","-16,667,800","-18,679,950","-29,645,850","-20,336,400","-19,293,450","-21,928,200","-24,207,000","-16,126,850","-2,763,400","4,196,440.567","-9,356,348.504","-19,517,364.327","-18,029,688.927","-15,835,742.663","-27,028,450","-23,148,900","-5,112,809.524","14,912,950","42,603,861.623","26,749,501.148","-4,383,450","-5,872,450","-15,710,300","-18,813,950","-23,914,000","-23,914,000","-23,914,000","-18,193,000","-16,491,000","-16,491,000","-16,491,000","-16,491,000"
InterestIncome,"468,000","53,000","366,000","22,000","27,000","40,000","33,000","7,000","54,000","24,000","59,000","131,000","183,000","766,000","610,000","292,000","629,000","897,000","858,000","857,000","862,000","751,000","714,000","647,000","595,000","522,000","466,000","406,000","551,000","414,000","410,000","373,000","337,000","336,000","287,000","232,000","207,000","197,000","233,000","175,000","228,000","275,000","272,000","205,000","225,000","312,000","297,000","283,000","325,000","485,000","732,000","441,000","597,000","918,000",,,,,,,,,,,,,,,,
InterestExpense,"42,248,000","4,992,000","12,617,000","12,622,000","12,017,000","11,843,000","12,853,000","12,645,000","12,436,000","8,794,000","8,946,000","7,868,000","6,486,000","7,563,000","16,284,000","0","2,330,000","3,683,000","4,314,000","3,299,000","3,233,000","3,170,000","3,107,000","3,047,000","2,987,000","2,930,000","2,874,000","2,818,000","2,765,000","2,713,000","2,663,000","2,612,000","2,564,000","817,000","2,478,000","2,426,000","799,000",,,,,,,,,,,,,,"0","0","0","0",,,,,,,,,,,,,,,,
NetInterestIncome,"-41,780,000","-4,939,000","-12,251,000","-12,600,000","-11,990,000","-11,803,000","-12,820,000","-12,638,000","-12,382,000","-8,770,000","-8,887,000","-7,737,000","-6,587,000","-6,797,000","-15,272,000","292,000","-1,864,000","-2,786,000","-2,791,000","-2,670,000","-2,593,000","-2,635,000","-2,604,000","-2,606,000","-2,593,000","-2,604,000","-2,599,000","-2,598,000","-2,396,000","-2,476,000","-2,425,000","-2,408,000","-2,391,000","-2,341,000","-2,347,000","-2,346,000","-642,000","197,000","233,000","175,000","228,000","275,000","272,000","205,000","225,000","312,000","297,000","283,000","325,000","485,000","732,000","441,000","597,000","918,000",,,,,,,,,,,,,,,,
EBIT,"-104,644,000","-30,421,000","-18,004,000","-35,717,000","-20,502,000","-35,468,000","4,034,000","-21,892,000","-46,564,000","-89,538,000","-57,811,000","-75,351,000","-105,785,000","-113,845,000","-117,171,000","-32,475,000","-19,732,000","-23,275,000","-70,642,000","-33,721,000","-40,118,000","-37,439,000","-37,172,000","-10,666,000","15,774,000","14,954,000","14,650,000","11,177,000","21,679,000","15,695,000","12,756,000","7,660,000","7,961,000","-3,309,000","-7,286,000","6,081,000","-8,609,000","-14,942,000","-15,513,000","-18,205,000","-29,399,000","-19,884,000","-18,989,000","-21,702,000","-24,077,000","-16,009,000","-1,861,000","4,130,000","-9,743,000","-20,141,000","-19,182,000","-18,093,000","-27,008,000","-24,210,000","1,057,000","13,225,000","42,598,000","24,574,000","-7,643,000","-8,389,000","-9,695,000","-17,369,000","-125,252,000","18,528,000","18,528,000","2,653,000","-66,790,000","1,032,000","1,032,000","1,032,000"
EBITDA,"-20,035,000"
ReconciledCostOfRevenue,"872,770,000","209,401,000","238,748,000","221,147,000","203,474,000","197,734,000","206,250,000","213,737,000","212,841,000","232,417,000","251,135,000","239,690,000","187,180,000","202,393,000","247,554,000","130,234,000","123,922,000","120,513,000","148,530,000","124,754,000","111,989,000","111,466,000","112,011,000","100,850,000","135,076,000","128,480,000","144,270,000","129,667,000","110,550,000","98,750,000","101,963,000","98,257,000","95,146,000","84,409,000","83,180,000","73,649,000","86,731,000","81,923,000","84,796,000","70,714,000","61,084,000","64,274,000","67,325,000","63,373,000","58,542,000","50,146,000","59,842,000","65,589,000","64,088,000","58,644,000","51,545,000","51,558,000","44,691,000","42,769,000","57,319,000","62,897,000","78,509,000","74,107,000","46,295,000","38,132,000","39,904,000","34,974,000",,,,,,,,
ReconciledDepreciation,"84,609,000","21,572,000","23,350,000","20,925,000","18,762,000","20,546,000","25,877,000","22,894,000","25,924,000","25,445,000","28,643,000","5,683,000","54,559,000","30,939,000","50,155,000","17,089,000","16,274,000","16,976,000","16,606,000","16,768,000","16,672,000","15,951,000","15,725,000","15,873,000","15,225,000","14,666,000","13,683,000","9,244,000","6,264,000","6,586,000","6,577,000","6,527,000","6,499,000","6,314,000","5,988,000","5,953,000","6,287,000","6,334,000","6,387,000","6,050,000","5,696,000","5,528,000","4,504,000","4,921,000","4,219,000","4,215,000","4,025,000","3,875,000","3,736,000","3,983,000","4,483,000","4,166,000","4,020,000","3,878,000","4,098,000","3,408,000","2,853,000","2,616,000","2,674,000","2,727,000","2,369,000","2,336,000",,,,,,,,
NetIncomeFromContinuingOperationNetMinorityInterest,"-164,306,000","-41,850,000","-33,068,000","-53,794,000","-35,594,000","-48,322,000","-9,924,000","-35,896,000","-61,635,000","-99,268,000","-66,594,000","-84,767,000","-113,656,000","-121,601,000","-133,467,000","-32,610,000","-21,938,000","-26,280,000","-73,985,000","-37,231,000","-42,839,000","-40,451,000","-36,253,000","-11,172,000","11,483,000","12,015,000","12,631,000","8,510,000","17,906,000","12,366,000","8,410,000","4,843,000","4,780,000","-4,374,000","-10,178,000","3,347,000","-10,009,000","-15,279,000","-16,088,000","-19,081,000","-29,549,000","-20,612,000","-19,350,000","-21,806,000","-24,194,000","-16,394,000","-2,740,000","4,360,000","-9,561,000","-19,991,000","-18,651,000","-16,532,000","-27,111,000","-24,328,000","-6,688,000","14,937,000","42,885,000","27,594,000","-3,907,000","-5,526,000","-26,096,000","-19,813,000","-23,914,000","-23,914,000","-23,914,000","-18,193,000","-16,491,000","-16,491,000","-16,491,000","-16,491,000"
TotalUnusualItemsExcludingGoodwill,"-17,652,000","-7,270,000","-4,510,000","-6,546,000","674,000","-2,933,000","-6,752,000","-7,724,000","-8,441,000","-14,802,000","-28,197,000","-14,130,000","-15,635,000","-24,322,000","-26,334,000","-191,000","-1,680,000","163,000","-16,106,000",,,,,,,,,,,,,,,,,,,,"892,000","-617,000","149,000","-424,000","-87,000","188,000","20,000","-411,000","36,000","172,000","-206,000","-477,000","-639,000","-762,000","-127,000","-1,814,000","-1,741,000","37,000","296,000","880,000","733,000","533,000","-15,978,000","-1,537,000",,,,,,,,
TotalUnusualItems,"-17,652,000","-7,270,000","-4,510,000","-6,546,000","674,000","-2,933,000","-6,752,000","-7,724,000","-8,441,000","-14,802,000","-28,197,000","-14,130,000","-15,635,000","-24,322,000","-26,334,000","-191,000","-1,680,000","163,000","-16,106,000",,,,,,,,,,,,,,,,,,,,"892,000","-617,000","149,000","-424,000","-87,000","188,000","20,000","-411,000","36,000","172,000","-206,000","-477,000","-639,000","-762,000","-127,000","-1,814,000","-1,741,000","37,000","296,000","880,000","733,000","533,000","-15,978,000","-1,537,000",,,,,,,,
NormalizedEBITDA,"-2,383,000","-1,579,000","9,856,000","-8,246,000","-2,414,000","-11,989,000","36,663,000","8,726,000","-12,199,000","-49,291,000","-971,000","-54,360,000","-35,591,000","-58,584,000","-40,682,000","-15,195,000","-1,778,000","-6,462,000","-54,036,000","-16,953,000","-23,446,000","-21,488,000","-21,447,000","5,207,000","30,999,000","29,620,000","28,333,000","20,421,000","27,943,000","22,281,000","19,333,000","14,187,000","14,460,000","3,005,000","-1,298,000","12,034,000","-2,322,000","-8,608,000","-10,018,000","-11,538,000","-23,852,000","-13,932,000","-14,398,000","-16,969,000","-19,878,000","-11,383,000","2,128,000","7,833,000","-5,801,000","-15,681,000","-14,060,000","-13,165,000","-22,861,000","-18,518,000","6,896,000","16,596,000","45,155,000","26,310,000","-5,702,000","-6,195,000","8,652,000","-13,496,000","-125,252,000","18,528,000","18,528,000","2,653,000","-66,790,000","1,032,000","1,032,000","1,032,000"
TaxRateForCalcs,"0.4","0.4","0.27","0.27","0.27","0.27","0.27","0.27","0.27","0.27","0.002","0.27","0.27","0.27","0.27","0.27","0.006","0.025","0.013","0.4","0.012","0.004","0.1","0.176","0.115","0.018","0.4","0.4","0.053","0.047","0.167","0.041","0.114","0.06","0.35","0.084","0.064","0.022","0.35","0.35","0.35","0.35","0.35","0.35","0.35","0.35","0.35","0.049","0.007","0.007","0.028","0.086","0.35","0.35","0.095","0.35","0.05","0.04","0.35","0.35","0.35","0.35","0.4","0.4","0.4","0.4","0.4","0.4","0.4","0.4"
TaxEffectOfUnusualItems,"-7,060,800","-2,908,000","-1,217,700","-1,767,420","181,980","-791,910","-1,823,040","-2,085,480","-2,279,070","-3,996,540","-68,848.375","-3,815,100","-4,221,450","-6,566,940","-7,110,180","-51,570","-9,442.48","4,099.488","0","0","0","0","0","0","0","0","0","0","0","0","0","0","0","0","0","0","0","0","312,200","-215,950","52,150","-148,400","-30,450","65,800","7,000","-143,850","12,600","8,440.567","-1,348.504","-3,364.327","-17,688.927","-65,742.663","-44,450","-634,900","-165,809.524","12,950","14,861.623","35,501.148","256,550","186,550","-5,592,300","-537,950","0","0","0","0","0","0","0","0"