name,ttm,03/31/2022,12/31/2021,09/30/2021,06/30/2021,03/31/2021,12/31/2020,09/30/2020,06/30/2020,03/31/2020,12/31/2019,09/30/2019,06/30/2019,03/31/2019,12/31/2018,09/30/2018,06/30/2018,03/31/2018,12/31/2017,09/30/2017,06/30/2017,03/31/2017,12/31/2016,09/30/2016,06/30/2016,03/31/2016,12/31/2015,09/30/2015,06/30/2015,03/31/2015,12/31/2014,09/30/2014,06/30/2014,03/31/2014,12/31/2013,09/30/2013,06/30/2013,03/31/2013,12/31/2012,09/30/2012,06/30/2012,03/31/2012,12/31/2011,09/30/2011,06/30/2011,03/31/2011,12/31/2010,09/30/2010,06/30/2010,03/31/2010,12/31/2009,09/30/2009,06/30/2009,03/31/2009
TotalRevenue,"445,941,000","141,869,000","106,862,000","110,686,000","86,524,000","57,854,000","48,230,000","52,412,000","25,436,000","108,385,000","133,781,000","133,685,000","142,930,000","138,952,000","132,509,000","142,340,000","152,222,000","140,199,000","131,745,000","136,587,000","129,056,000","117,989,000","110,322,000","118,336,000","127,195,000","118,082,000","110,039,000","125,091,000","120,677,000","107,648,000","99,141,000","109,256,000","105,525,000","89,544,000","77,956,000","82,174,000","83,096,000","63,211,000","51,117,139","51,233,907","47,280,143","40,005,977","19,958,635","42,329,705","38,588,564","33,407,442","30,822,126","37,600,497","35,849,726","31,362,720","28,395,439","32,210,422","31,292,143","29,301,732"
	OperatingRevenue,"421,861,000","134,472,000","101,220,000","104,618,000","81,551,000","54,248,000","45,123,000","49,264,000","24,076,000","108,385,000","148,498,000","128,652,000","142,930,000","138,952,000","146,956,000","137,246,000","152,222,000","140,199,000","131,745,000","136,587,000","129,056,000","117,989,000","110,322,000","118,336,000","127,195,000","118,082,000","110,039,000","125,091,000","120,677,000","107,648,000","99,141,000","109,256,000","105,525,000","89,544,000","77,956,000","82,174,000","83,096,000","63,211,000","51,117,139","51,233,907","47,280,143","40,005,977","19,958,635","42,329,705","38,588,564","33,407,442","30,822,126","37,600,497","35,849,726","31,362,720","28,395,439","32,210,422","31,292,143","29,301,732"
CostOfRevenue,"287,968,000","91,939,000","68,048,000","69,054,000","58,927,000","48,584,000","44,590,000","45,414,000","34,802,000","75,591,000","84,334,000","82,000,000","83,218,000","83,645,000","81,942,000","86,195,000","88,830,000","45,002,000","49,909,000","50,250,000","45,922,000","44,304,000","43,274,000","44,218,000","43,828,000","43,509,000","43,223,000","46,501,000","43,589,000","40,541,000","39,886,000","41,741,000","39,199,000","35,712,000","32,688,000","32,999,000","31,931,000","25,865,000","-13,973,413","33,864,612","31,442,832","27,990,575","14,976,085","28,843,854","26,138,398","24,422,895","16,763,132","25,164,935","24,061,206","15,584,527","15,078,080","15,356,003","14,716,138","13,907,490"
GrossProfit,"157,973,000","49,930,000","38,814,000","41,632,000","27,597,000","9,270,000","3,640,000","6,998,000","-9,366,000","32,794,000","49,447,000","51,685,000","59,712,000","55,307,000","50,567,000","56,145,000","63,392,000","95,197,000","81,836,000","86,337,000","83,134,000","73,685,000","67,048,000","74,118,000","83,367,000","74,573,000","66,816,000","78,590,000","77,088,000","67,107,000","59,255,000","67,515,000","66,326,000","53,832,000","45,268,000","49,175,000","51,165,000","37,346,000","65,090,552","17,369,295","15,837,311","12,015,402","4,982,550","13,485,851","12,450,166","8,984,547","14,058,994","12,435,562","11,788,520","15,778,193","13,317,359","16,854,419","16,576,005","15,394,242"
OperatingExpense,"157,285,000","49,206,000","40,425,000","32,248,000","35,406,000","34,530,000","37,338,000","33,490,000","33,524,000","37,349,000","36,403,000","32,410,000","34,157,000","36,672,000","33,895,000","33,981,000","35,962,000","76,663,000","63,396,000","63,964,000","58,619,000","54,764,000","51,607,000","51,587,000","56,005,000","53,351,000","51,564,000","54,706,000","52,454,000","48,506,000","47,817,000","49,024,000","49,472,000","43,842,000","37,867,000","37,759,000","38,927,000","30,688,000","64,001,177","11,200,257","10,157,010","10,026,745","6,533,605","9,808,568","8,468,737","8,127,629","14,815,910","6,805,779","6,662,085","14,761,802","14,244,781","12,903,032","14,006,115","12,986,135"
	SellingGeneralAndAdministration,"44,985,000","12,932,000","14,246,000","8,987,000","8,820,000","7,233,000","7,575,000","5,987,000","5,959,000","7,740,000","9,475,000","9,208,000","10,378,000","11,136,000","8,023,000","9,040,000","11,008,000","11,959,000","4,599,000","4,550,000","5,310,000","5,138,000","4,934,000","4,388,000","5,391,000","4,579,000","4,429,000","6,897,000","5,363,000","4,515,000","4,520,000","5,742,000","3,330,000","2,159,000","1,629,000","1,874,000","2,294,000","2,421,000","-281,936","2,468,839","2,013,087","1,803,062","2,850,854","791,044","1,649,129","367,018","3,174,172","0","0","6,738,138","7,258,467","7,301,948","8,245,059","7,363,471"
		GeneralAndAdministrativeExpense,"44,985,000","12,932,000","14,246,000","8,987,000","8,820,000","7,233,000","7,575,000","5,987,000","5,959,000","7,740,000","9,475,000","9,208,000","10,378,000","11,136,000","8,023,000","9,040,000","11,008,000","11,959,000","4,599,000","4,550,000","5,310,000","5,138,000","4,934,000","4,388,000","5,391,000","4,579,000","4,429,000","6,897,000","5,363,000","4,515,000","4,520,000","5,742,000","3,330,000","2,159,000","1,629,000","1,874,000","2,294,000","2,421,000","-281,936","2,468,839","2,013,087","1,803,062","2,850,854","791,044","1,649,129","367,018",,,,,,,,
			SalariesAndWages,,,,,,,,,,,,,,,,,,,,,,,,,,,,,,,,,"3,330,000","2,159,000","1,629,000","1,874,000","2,294,000","2,421,000","2,475,675","1,645,359","1,100,465","937,512","960,877","791,044","874,670","367,018",,"0","0",,,,,
			OtherGandA,"44,985,000","12,932,000","14,246,000","8,987,000","8,820,000","7,233,000","7,575,000","5,987,000","5,959,000","7,740,000","9,475,000","9,208,000","10,378,000","11,136,000","8,023,000","9,040,000","11,008,000","11,959,000","4,599,000","4,550,000","5,310,000","5,138,000","4,934,000","4,388,000","5,391,000","4,579,000","4,429,000","6,897,000","5,363,000","4,515,000","4,520,000","5,742,000",,,,,,,,"823,480","912,622","865,550",,,"774,459",,,,,,,,,
	DepreciationAmortizationDepletionIncomeStatement,"114,932,000","36,274,000","26,179,000","25,893,000","26,586,000","27,297,000","27,472,000","27,503,000","27,565,000","27,079,000","26,928,000","23,202,000","23,779,000","25,536,000","25,872,000","24,941,000","24,954,000","25,246,000","23,875,000","23,594,000","19,732,000","18,726,000","18,691,000","17,887,000","17,685,000","18,143,000","17,469,000","15,916,000","15,403,000","15,264,000","16,406,000","16,831,000","16,645,000","15,430,000","13,561,000","14,029,000","13,291,000","11,156,000","9,426,800","8,503,841","8,143,923","8,223,683","4,308,360","8,391,915","6,819,608","6,858,431","6,923,177","6,805,779","6,671,258","6,850,564","6,986,314","5,601,084","5,761,056","5,622,664"
		DepreciationAndAmortizationInIncomeStatement,"114,932,000","36,274,000","26,179,000","25,893,000","26,586,000","27,297,000","27,472,000","27,503,000","27,565,000","27,079,000","26,928,000","23,202,000","23,779,000","25,536,000","25,872,000","24,941,000","24,954,000","25,246,000","23,875,000","23,594,000","19,732,000","18,726,000","18,691,000","17,887,000","17,685,000","18,143,000","17,469,000","15,916,000","15,403,000","15,264,000","16,406,000","16,831,000","16,645,000","15,430,000","13,561,000","14,029,000","13,291,000","11,156,000","9,426,800","8,503,841","8,143,923","8,223,683","4,308,360","8,391,915","6,819,608","6,858,431","6,923,177","6,805,779","6,671,258","6,850,564","6,986,314","5,601,084","5,761,056","5,622,664"
	ProvisionForDoubtfulAccounts,,,"0","-2,632,000","0","0","2,291,000","0","0","2,530,000",,,,,,,,,,,,,,,,,,,,,,,,,,,,,,,,,,,,,,,,,,,,
	OtherOperatingExpenses,,,,,,,,,,"2,530,000",,,,,,,,"39,458,000","34,922,000","35,820,000","33,577,000","30,900,000","27,982,000","29,312,000","32,929,000","30,629,000","29,666,000","31,893,000","31,688,000","28,727,000","26,891,000","26,451,000","29,497,000","26,253,000","22,677,000","21,856,000","23,342,000","17,111,000","54,856,313","227,577",,,,"625,609",,"902,180",,,"-9,173","1,173,100",,,,
OperatingIncome,"688,000","724,000","-1,611,000","9,384,000","-7,809,000","-25,260,000","-33,698,000","-26,492,000","-42,890,000","-4,555,000","13,044,000","19,275,000","25,555,000","18,635,000","16,672,000","22,164,000","27,430,000","18,534,000","18,440,000","22,373,000","24,515,000","18,921,000","15,441,000","22,531,000","27,362,000","21,222,000","15,252,000","23,884,000","24,634,000","18,601,000","11,438,000","18,491,000","16,854,000","9,990,000","7,401,000","11,416,000","12,238,000","6,658,000","1,089,375","6,169,038","5,680,301","1,988,657","-1,551,055","3,677,283","3,981,429","856,918","-756,916","5,629,783","5,126,435","1,016,391","-927,422","3,951,387","2,569,890","2,408,107"
NetNonOperatingInterestIncomeExpense,"-46,019,000","-13,439,000","-10,801,000","-10,817,000","-10,962,000","-10,788,000","-10,635,000","-10,904,000","-10,749,000","-11,012,000","-10,962,000","-9,450,000","-9,766,000","-10,852,000","-11,365,000","-10,848,000","-10,402,000","-9,329,000","-8,201,000","-7,768,000","-6,927,000","-6,791,000","-6,859,000","-6,626,000","-7,123,000","-7,483,000","-7,429,000","-8,083,000","-7,655,000","-7,247,000","-6,923,000","-6,839,000","-6,724,000","-6,310,000","-6,814,000","-6,035,000","-4,881,000","-4,054,000","-4,482,680","-4,030,813","-4,270,423","-3,454,974","1,442,830","-3,455,782","-2,997,360","-8,166,259","-6,830,826","-6,806,414","-7,122,430","-5,555,112","-5,660,814","-4,290,881","-4,212,960","-4,106,276"
	InterestIncomeNonOperating,,,,,,,,,,,,,,,,,,,,,,,,,,,,,,,,,"122,000","50,000","31,000","16,000","18,000","18,000","15,446","17,863","300","1,391","-6,163","553","10,280","11,086","11,869","12,055","11,474","12,085","20,616","10,770","8,045","10,374"
	InterestExpenseNonOperating,"46,019,000","13,439,000","10,801,000","10,817,000","10,962,000","10,788,000","10,635,000","10,904,000","10,749,000","11,012,000","10,962,000","9,450,000","9,766,000","10,852,000","11,365,000","10,848,000","10,402,000","9,329,000","8,201,000","7,768,000","6,927,000","6,791,000","6,859,000","6,626,000","7,123,000","7,483,000","7,429,000","8,083,000","7,655,000","7,247,000","6,923,000","6,839,000","6,846,000","6,360,000","5,260,000","5,948,000","4,899,000","4,072,000","3,837,126","4,048,676","4,270,723","3,456,365","-1,448,993","3,456,335","3,007,640","8,177,345","6,842,695","6,818,469","7,133,904","5,567,197","5,681,430","4,301,651","4,221,005","4,116,650"
	TotalOtherFinanceCost,,,,,,,,,,,,,,,,,,,,,,,,,,,,,,,,,,,"1,585,000","103,000",,,,,,,,,,,,,,,,,,
OtherIncomeExpense,"13,000","1,742,000","1,905,000","-2,111,000","-1,523,000","3,282,000","-588,000","1,489,000","844,000","1,321,000","7,144,000","1,777,000","33,981,000","5,467,000","-352,000","26,153,000","20,801,000","746,000","609,000","7,609,000","16,918,000","21,497,000","-119,000","10,048,000","1,851,000","36,566,000","75,902,000","-2,011,000","225,000","-264,000","-4,661,000","-2,886,000","-600,000","-655,000","-444,000","-1,581,000","-721,000","-488,000","-1,902,676","-236,066","-883,430","-579,938","-71,871","-181,892","-36,031",,"-6,478,774","-74,170","-1,938","-37,451","-1,000,911","-6,533,820","24,631","-71"
	GainOnSaleOfSecurity,,,,,,,,,,,,,,,,,,,,,,,,,,,,,,,,,"-1,000",,"0",,"2,000",,,,"-1,012",,,,,,,,,,,,,
	SpecialIncomeCharges,"-8,020,000","0","159,000","-4,361,000","-3,818,000","50,000","-1,169,000","211,000","-32,000","-785,000","4,927,000","-31,000","33,835,000","4,166,000","-1,715,000","24,826,000","17,331,000","-43,000","-322,000","7,725,000","16,350,000","19,102,000","-825,000","9,387,000","998,000","36,226,000","64,771,000","-1,952,000","-113,000","0","-4,564,000","-3,683,000","-663,000","-695,000","19,000","-1,478,000","-786,000","-648,000","-2,631,676","-236,066","-882,418","-579,938","-71,871","-181,892","-36,031","0","-6,478,774","-74,170","-1,938","-37,451","-1,000,911","-6,533,820","24,631","-71"
		RestructuringAndMergernAcquisition,,,"0","0","3,849,000",,,,,,,,,,"0","0",,"0","0","0","0","354,000","683,000","527,000","1,728,000","554,000","296,000","837,000","113,000","0","-9,000","69,000","17,000","692,000","333,000","114,000","786,000","654,000","1,476,985","245,782","747,295","579,938",,"181,892",,,,"73,836",,,,,,
		ImpairmentOfCapitalAssets,,,,,,"0","977,000","0","0","782,000","836,000","0","1,685,000",,"1,075,000",,,,"0","0",,,"0","577,000",,,"0","1,115,000","0",,"4,573,000","3,614,000","660,000",,"0","1,369,000",,,,,,,,,,,"6,475,684",,,,"1,000,911",,,
		WriteOff,,,"0","4,361,000","0","0","977,000","0","0","782,000","836,000","0","1,685,000",,"1,075,000",,,,"0","0",,,"0","577,000",,,"0","1,115,000","0",,"4,573,000","3,614,000","660,000",,"0","1,369,000",,,,,,,,,,,,,,,,,,
		OtherSpecialCharges,,,,,,,,,,,,,,,,,,,"0",,,"354,000","683,000","527,000","1,728,000","554,000","296,000","837,000","113,000",,"-9,000","69,000","17,000","692,000","333,000","114,000","786,000","654,000","3,346,691","-9,716","-51,466",,,,,,,,,,,,,
		GainOnSaleOfPPE,"190,000","0","159,000","0","31,000","50,000","-192,000","211,000","-32,000","-3,000","5,763,000","-31,000","35,520,000","4,166,000","-640,000","24,826,000","17,331,000","-43,000","-322,000","7,725,000","16,350,000","19,456,000","-142,000","10,491,000","2,726,000","36,780,000","64,355,000",,,,,,"14,000","-3,000","352,000","5,000","0","6,000",,,"-186,589",,"0","0","-36,031","0","-3,090","-334","-1,938","-37,451","0","-28,895","24,631","-71"
	OtherNonOperatingIncomeExpenses,"8,033,000","1,742,000","1,746,000","2,250,000","2,295,000","3,232,000","581,000","1,278,000","876,000","2,106,000","2,217,000","1,808,000","146,000","1,301,000","1,363,000","1,327,000","3,470,000","789,000","931,000","-116,000","568,000","2,395,000","706,000","661,000","853,000","340,000","11,131,000","-59,000","338,000","-264,000","-97,000","797,000","64,000","40,000","-463,000","-103,000","63,000","160,000",,,,,,,,,,,,,,,,
PretaxIncome,"-45,318,000","-10,973,000","-10,507,000","-3,544,000","-20,294,000","-32,766,000","-44,921,000","-35,907,000","-52,795,000","-14,246,000","9,226,000","11,602,000","49,770,000","13,250,000","4,955,000","37,469,000","37,829,000","9,951,000","10,848,000","22,214,000","34,506,000","33,627,000","8,463,000","25,953,000","22,090,000","50,305,000","83,725,000","13,790,000","17,204,000","11,090,000","-146,000","8,766,000","9,530,000","3,025,000","143,000","3,800,000","6,636,000","2,116,000","-5,295,981","1,902,159","526,448","-2,046,255",,"39,609",,"-7,309,341","-14,066,516","-1,250,801",,"-4,576,172","-7,589,147","-7,209,050","77,825","-1,593,960"
TaxProvision,"-632,000","-2,000,000","398,000","695,000","275,000","105,000","-213,000","-132,000","-247,000","1,968,000","473,000","-24,000","701,000","350,000","-802,000","-532,000","152,000","260,000","1,061,000","-231,000","423,000","421,000","-1,911,000","-1,245,000","135,000","1,571,000","-1,033,000","184,000","903,000","499,000","-90,000","427,000","329,000","78,000","5,788,000","2,684,000","351,000","410,000","-1,139,343","313,199","-144,101","-267,755",,"-1,813",,"511,336","-71,022","45,000",,"152,483","-20,370","20,370","0","0"
NetIncomeCommonStockholders,"-61,019,000","-12,379,000","-15,275,000","-10,964,000","-22,401,000","-35,074,000","-46,683,000","-38,256,000","-54,126,000","-19,112,000","5,786,000","7,743,000","45,248,000","9,168,000","2,296,000","34,069,000","33,867,000","868,000","2,389,000","18,190,000","29,769,000","28,886,000","3,302,000","22,090,000","17,718,000","44,338,000","80,012,000","9,393,000","12,057,000","6,387,000","-3,939,000","4,083,000","4,828,000","-689,000","-6,026,000","-4,817,000","2,604,000","-504,000","-1,978,297","406,128","-1,238,099","-2,890,732","3,565,596","30,238","440,819","-7,384,864","-13,995,494","-1,295,801","-2,073,635","-4,728,655","-7,361,449","-7,622,660","140,749","-1,470,972"
	NetIncome,"-42,617,000","-8,409,000","-11,012,000","-4,504,000","-18,692,000","-31,365,000","-43,054,000","-34,546,000","-50,417,000","-15,322,000","9,242,000","11,534,000","48,957,000","12,877,000","5,756,000","37,901,000","37,576,000","9,688,000","9,769,000","22,390,000","33,969,000","33,086,000","10,372,000","27,083,000","21,865,000","48,485,000","84,159,000","13,540,000","16,204,000","10,534,000","208,000","8,230,000","8,975,000","3,458,000","-1,879,000","-670,000","6,448,000","1,948,000","-822,047","1,562,378","-81,849","-1,734,482","3,976,716","30,238","440,819","-7,384,864","-13,995,494","-1,295,801","-2,073,635","-4,728,655","-7,361,449","-7,622,660","140,749","-1,470,972"
		NetIncomeIncludingNoncontrollingInterests,"-44,686,000","-8,973,000","-10,905,000","-4,239,000","-20,569,000","-32,871,000","-44,708,000","-35,775,000","-52,548,000","-16,214,000","8,753,000","11,626,000","49,069,000","12,900,000","5,757,000","38,001,000","37,677,000","9,691,000","10,076,000","22,390,000","33,969,000","33,206,000","10,374,000","27,198,000","21,955,000","48,734,000","84,758,000","13,606,000","16,301,000","10,591,000","158,000","8,280,000","9,160,000","3,325,000","-2,076,000","-581,000","6,670,000","1,883,000","-749,225","1,640,826","-356,791","-2,804,810","2,998,587","41,422","603,861","-7,820,677","-13,995,494","-1,295,801","-2,073,635","-4,728,655","-7,568,777","-7,229,420","77,825","-1,593,960"
			NetIncomeContinuousOperations,"-44,686,000","-8,973,000","-10,905,000","-4,239,000","-20,569,000","-32,871,000","-44,708,000","-35,775,000","-52,548,000","-16,214,000","8,753,000","11,626,000","49,069,000","12,900,000","5,757,000","38,001,000","37,677,000","9,691,000","9,787,000","22,445,000","34,083,000","33,206,000","10,374,000","27,198,000","21,955,000","48,734,000","84,758,000","13,606,000","16,301,000","10,591,000","-56,000","8,339,000","9,201,000","2,947,000","-5,645,000","1,116,000","6,285,000","1,706,000","-4,156,638","1,588,960","670,549","-1,778,500","2,143,074","41,422","948,038","-7,820,677","-14,268,679","-1,295,801","-1,997,933","-4,576,172","-7,589,147","-6,873,314","-1,618,439","-1,698,240"
			NetIncomeDiscontinuousOperations,,,,,,,,,,,,,,,,,,,,"-55,000","-114,000",,,,,,,"0","0","0","214,000","-59,000","-41,000","378,000","3,569,000","-1,697,000","385,000","177,000","3,407,413","51,866","-1,027,340","-1,026,310",,,"0",,,,"0",,,,,
			NetIncomeFromTaxLossCarryforward,,,,,,,,,,,,,,,,,,,,,,,,,,,,,,,,,,,,,,,,,,,,,"-344,177",,,,"-75,702",,,,,
		MinorityInterests,"2,069,000","564,000","-107,000","-265,000","1,877,000","1,506,000","1,654,000","1,229,000","2,131,000","892,000","489,000","-92,000","-112,000","-23,000","-1,000","-100,000","-101,000","-3,000","-18,000",,,"-120,000","-2,000","-115,000","-90,000","-249,000","-599,000","-66,000","-97,000","-57,000","50,000","-50,000","-185,000","133,000","197,000","-89,000","-222,000","65,000","-72,822","-78,448","274,942","1,070,328","978,129","-11,184","-163,042","435,813","0","0","0","0","207,328","-393,240","62,924","122,988"
	PreferredStockDividends,"15,692,000","3,970,000","4,263,000","3,750,000","3,709,000","3,709,000","3,710,000","3,710,000","3,709,000","3,709,000","3,710,000","3,710,000","3,709,000","3,709,000","3,709,000","3,710,000","3,709,000","5,543,000","4,808,000","4,200,000","4,200,000","4,200,000","4,945,000","4,993,000","4,147,000","4,147,000","4,147,000","4,147,000","4,147,000","4,147,000","4,147,000","4,147,000","4,147,000","4,147,000","4,147,000","4,147,000","3,844,000","2,452,000","1,156,250","1,156,250","1,156,250","1,156,250",,,,,,,,,,,,
	OtherunderPreferredStockDividend,,,"0","2,710,000","0",,"-81,000","0","0","81,000","-254,000","81,000","0","0","-249,000","122,000",,"3,277,000","2,572,000",,,,"2,125,000",,,,,,,,,,,,,,,,,,,,,,,,,,,,,,,
DilutedNIAvailtoComStockholders,"-61,019,000","-12,379,000","-15,275,000","-10,964,000","-22,401,000","-35,074,000","-46,683,000","-38,256,000","-54,126,000","-19,112,000","5,786,000","7,743,000","45,248,000","9,168,000","2,296,000","34,069,000","33,867,000","868,000","2,389,000","18,190,000","29,769,000","28,886,000","3,302,000","22,090,000","17,718,000","44,338,000","80,012,000","9,393,000","12,057,000","6,387,000","-3,939,000","4,083,000","4,828,000","-689,000","-6,026,000","-4,817,000","2,604,000","-504,000","-1,978,297","406,128","-1,238,099","-2,890,732","3,565,596","30,238","440,819","-7,384,864","-13,995,494","-1,295,801","-2,073,635","-4,728,655","-7,361,449","-7,622,660","140,749","-1,470,972"
BasicEPS,,"-0.12","-0.15","-0.1","-0.21","-0.34","-0.45","-0.37","-0.52","-0.18","0.05","0.07","0.43","0.09","0.02","0.33","0.33","0.01","0.02","0.18","0.3","0.31","0.04","0.25","0.2","0.51","0.93","0.11","0.14","0.07",,"0.05","0.06","-0.01","-0.071","-0.07","0.04","-0.01",,"0.01","-0.04","-0.11",,"0","0.02","-0.04",,"-0.007","-0.011","-0.025",,,,"-0.008"
DilutedEPS,,"-0.12","-0.15","-0.1","-0.21","-0.34","-0.45","-0.37","-0.52","-0.18","0.05","0.07","0.43","0.09","0.02","0.33","0.32","0.008","0.02","0.17","0.3","0.31","0.04","0.25","0.2","0.51","0.92","0.11","0.14","0.07",,"0.05","0.06","-0.01","-0.071","-0.07","0.04","-0.01",,"0.01","-0.04","-0.11",,"0","0.02","-0.04",,"-0.007","-0.011","-0.025",,,,"-0.008"
BasicAverageShares,,"104,896,000","104,559,000","104,548,000","104,495,000","104,278,000","104,213,000","104,200,000","104,154,000","103,995,000","103,964,000","103,935,000","103,896,000","103,749,000","103,682,000","103,666,000","103,643,000","103,500,000","103,265,000","103,253,000","98,184,000","92,762,000","88,201,000","86,492,000","86,433,000","86,360,000","86,146,000","85,995,000","85,831,000","85,704,000",,"85,303,000","85,165,000","85,097,000","84,767,000","68,157,000","65,480,000","62,684,000",,"31,308,480","30,553,158","27,278,000",,"27,278,000","27,278,000","27,278,000",,"185,900,000","185,900,000","185,900,000",,,,"185,900,000"
DilutedAverageShares,,"104,896,000","104,559,000","104,548,000","104,495,000","104,278,000","104,213,000","104,200,000","104,154,000","103,995,000","104,008,000","103,970,000","103,937,000","103,837,000","103,759,000","103,821,000","103,883,000","103,899,000","103,653,000","103,632,000","98,706,000","93,230,000","88,671,000","87,401,000","87,355,000","87,170,000","87,217,000","87,065,000","87,008,000","86,875,000",,"85,916,000","85,663,000","85,527,000","85,224,000","68,614,000","65,954,000","62,950,000",,"31,501,219","30,553,158","27,278,000",,"27,278,000","27,278,000","27,278,000",,"185,900,000","185,900,000","185,900,000",,,,"185,900,000"
TotalOperatingIncomeAsReported,"-7,332,000","724,000","-1,452,000","5,023,000","-11,627,000","-25,210,000","-34,867,000","-26,281,000","-42,922,000","-5,340,000","17,971,000","19,244,000","59,390,000","22,801,000","57,071,000","22,164,000","27,430,000","18,534,000","18,440,000","22,373,000","24,515,000","18,567,000","14,758,000","21,427,000","25,634,000","20,668,000","14,956,000","21,932,000","24,521,000","18,601,000","6,874,000","14,808,000","16,177,000","9,298,000","7,068,000","9,933,000","11,452,000","6,004,000","-1,047,610","5,923,256","4,509,896","1,408,719","-1,622,926","3,495,391","3,981,429","856,918","-7,232,600","5,555,947","5,126,435","1,016,391","-1,928,333","-2,553,538","2,569,890","2,408,107"
TotalExpenses,"445,253,000","141,145,000","108,473,000","101,302,000","94,333,000","83,114,000","81,928,000","78,904,000","68,326,000","112,940,000","120,737,000","114,410,000","117,375,000","120,317,000","115,837,000","120,176,000","124,792,000","121,665,000","113,305,000","114,214,000","104,541,000","99,068,000","94,881,000","95,805,000","99,833,000","96,860,000","94,787,000","101,207,000","96,043,000","89,047,000","87,703,000","90,765,000","88,671,000","79,554,000","70,555,000","70,758,000","70,858,000","56,553,000","50,027,764","45,064,869","41,599,842","38,017,320","21,509,690","38,652,422","34,607,135","32,550,524","31,579,042","31,970,714","30,723,291","30,346,329","29,322,861","28,259,035","28,722,253","26,893,625"
NetIncomeFromContinuingAndDiscontinuedOperation,"-42,617,000","-8,409,000","-11,012,000","-4,504,000","-18,692,000","-31,365,000","-43,054,000","-34,546,000","-50,417,000","-15,322,000","9,242,000","11,534,000","48,957,000","12,877,000","5,756,000","37,901,000","37,576,000","9,688,000","9,769,000","22,390,000","33,969,000","33,086,000","10,372,000","27,083,000","21,865,000","48,485,000","84,159,000","13,540,000","16,204,000","10,534,000","208,000","8,230,000","8,975,000","3,458,000","-1,879,000","-670,000","6,448,000","1,948,000","-822,047","1,562,378","-81,849","-1,734,482","3,121,203","30,238","784,996","-7,384,864","-13,995,494","-1,295,801","-1,997,933","-4,728,655","-7,361,449","-7,622,660","140,749","-1,470,972"
NormalizedIncome,"-34,708,846.066","-8,409,000","-11,128,070","-1,320,470","-15,904,860","-31,401,500","-41,890,542.998","-34,756,224.33","-50,385,149.711","-14,748,950","4,567,598.201","11,556,630","15,598,558.871","8,821,045.283","7,007,950","19,778,020","20,314,637.368","9,729,876.495","9,770,506.453","17,810,000","17,933,430.36","14,223,151.337","10,867,000","21,450,800","20,873,099.14","13,390,319.869","45,296,400","15,465,954.46","16,311,068.879","10,534,000","2,960,600","11,792,597.65","9,657,077.02","3,757,079.339","-5,460,350","1,987,700","6,805,531.646","2,293,442.344","-2,162,375.971","1,707,708.676","1,519,720.5","-204,119.605","3,167,919.15","148,467.8","808,416.15","-7,384,864","-7,549,431.404","-1,247,590.5","-1,996,673.3","-4,704,311.85","-6,363,224.541","-3,375,677","116,118","-1,470,901"
InterestIncome,,,,,,,,,,,,,,,,,,,,,,,,,,,,,,,,,"122,000","50,000","31,000","16,000","18,000","18,000","15,446","17,863","300","1,391","-6,163","553","10,280","11,086","11,869","12,055","11,474","12,085","20,616","10,770","8,045","10,374"
InterestExpense,"46,019,000","13,439,000","10,801,000","10,817,000","10,962,000","10,788,000","10,635,000","10,904,000","10,749,000","11,012,000","10,962,000","9,450,000","9,766,000","10,852,000","11,365,000","10,848,000","10,402,000","9,329,000","8,201,000","7,768,000","6,927,000","6,791,000","6,859,000","6,626,000","7,123,000","7,483,000","7,429,000","8,083,000","7,655,000","7,247,000","6,923,000","6,839,000","6,846,000","6,360,000","5,260,000","5,948,000","4,899,000","4,072,000","3,837,126","4,048,676","4,270,723","3,456,365","-1,448,993","3,456,335","3,007,640","8,177,345","6,842,695","6,818,469","7,133,904","5,567,197","5,681,430","4,301,651","4,221,005","4,116,650"
NetInterestIncome,"-46,019,000","-13,439,000","-10,801,000","-10,817,000","-10,962,000","-10,788,000","-10,635,000","-10,904,000","-10,749,000","-11,012,000","-10,962,000","-9,450,000","-9,766,000","-10,852,000","-11,365,000","-10,848,000","-10,402,000","-9,329,000","-8,201,000","-7,768,000","-6,927,000","-6,791,000","-6,859,000","-6,626,000","-7,123,000","-7,483,000","-7,429,000","-8,083,000","-7,655,000","-7,247,000","-6,923,000","-6,839,000","-6,724,000","-6,310,000","-6,814,000","-6,035,000","-4,881,000","-4,054,000","-4,482,680","-4,030,813","-4,270,423","-3,454,974","1,442,830","-3,455,782","-2,997,360","-8,166,259","-6,830,826","-6,806,414","-7,122,430","-5,555,112","-5,660,814","-4,290,881","-4,212,960","-4,106,276"
EBIT,"701,000","2,466,000","294,000","7,273,000","-9,332,000","-21,978,000","-34,286,000","-25,003,000","-42,046,000","-3,234,000","20,188,000","21,052,000","59,536,000","24,102,000","16,320,000","48,317,000","48,231,000","19,280,000","19,049,000","29,982,000","41,433,000","40,418,000","15,322,000","32,579,000","29,213,000","57,788,000","91,154,000","21,873,000","24,859,000","18,337,000","6,777,000","15,605,000","16,376,000","9,385,000","5,403,000","9,748,000","11,535,000","6,188,000","-1,458,855","5,950,835","4,797,171","1,410,110","-1,643,754","3,495,944","3,981,429","868,004","-7,223,821","5,567,668","5,126,435","991,025","-1,907,717","-2,907,399","4,298,830","2,522,690"
EBITDA,"115,633,000"
ReconciledCostOfRevenue,"287,968,000","91,939,000","68,048,000","69,054,000","58,927,000","48,584,000","44,590,000","45,414,000","34,802,000","75,591,000","84,334,000","82,000,000","83,218,000","83,645,000","81,942,000","86,195,000","88,830,000","45,002,000","49,909,000","50,250,000","45,922,000","44,304,000","43,274,000","44,218,000","43,828,000","43,509,000","43,223,000","46,501,000","43,589,000","40,541,000","39,886,000","41,737,000","39,194,000","35,708,000","32,346,000","32,602,000","31,898,000","25,531,000","-13,973,413","33,829,062","31,421,272","27,722,120","14,976,085","28,843,854","26,126,548","24,411,045","16,751,282","25,153,085","24,049,356","15,572,677","14,959,579","15,294,561","14,667,708","13,863,414"
ReconciledDepreciation,"114,932,000","36,274,000","26,179,000","25,893,000","26,586,000","27,297,000","27,472,000","27,503,000","27,565,000","27,079,000","26,928,000","23,202,000","23,779,000","25,536,000","25,872,000","24,941,000","24,954,000","25,246,000","23,875,000","23,594,000","19,732,000","18,726,000","18,691,000","17,887,000","17,685,000","18,143,000","17,469,000","15,916,000","15,403,000","15,264,000","16,406,000","16,835,000","16,650,000","15,434,000","13,903,000","14,426,000","13,324,000","11,490,000","9,673,988","8,539,391","8,165,483","8,492,138","4,308,360","8,391,915","6,831,458","6,870,281","6,935,027","6,817,629","6,683,108","6,862,414","7,104,815","5,662,526","5,809,486","5,666,740"
NetIncomeFromContinuingOperationNetMinorityInterest,"-42,617,000","-8,409,000","-11,012,000","-4,504,000","-18,692,000","-31,365,000","-43,054,000","-34,546,000","-50,417,000","-15,322,000","9,242,000","11,534,000","48,957,000","12,877,000","5,756,000","37,901,000","37,576,000","9,688,000","9,480,000","22,445,000","34,083,000","33,086,000","10,372,000","27,083,000","21,865,000","48,485,000","84,159,000","13,540,000","16,204,000","10,534,000","-6,000","8,289,000","9,016,000","3,080,000","-5,448,000","1,027,000","6,063,000","1,771,000","-4,229,460","1,510,512","945,491","-708,172","3,121,203","30,238","784,996","-7,384,864","-13,995,494","-1,295,801","-1,997,933","-4,728,655","-7,361,449","-7,622,660","140,749","-1,470,972"
TotalUnusualItemsExcludingGoodwill,"-8,020,000","0","159,000","-4,361,000","-3,818,000","50,000","-1,169,000","211,000","-32,000","-785,000","4,927,000","-31,000","33,835,000","4,166,000","-1,715,000","24,826,000","17,331,000","-43,000","-322,000","7,725,000","16,350,000","19,102,000","-825,000","9,387,000","998,000","36,226,000","64,771,000","-1,952,000","-113,000","0","-4,564,000","-3,683,000","-664,000","-695,000","19,000","-1,478,000","-784,000","-648,000","-2,633,676","-236,066","-883,430","-579,938","-71,871","-181,892","-36,031","0","-6,478,774","-74,170","-1,938","-37,451","-1,000,911","-6,533,820","24,631","-71"
TotalUnusualItems,"-8,020,000","0","159,000","-4,361,000","-3,818,000","50,000","-1,169,000","211,000","-32,000","-785,000","4,927,000","-31,000","33,835,000","4,166,000","-1,715,000","24,826,000","17,331,000","-43,000","-322,000","7,725,000","16,350,000","19,102,000","-825,000","9,387,000","998,000","36,226,000","64,771,000","-1,952,000","-113,000","0","-4,564,000","-3,683,000","-664,000","-695,000","19,000","-1,478,000","-784,000","-648,000","-2,633,676","-236,066","-883,430","-579,938","-71,871","-181,892","-36,031","0","-6,478,774","-74,170","-1,938","-37,451","-1,000,911","-6,533,820","24,631","-71"
NormalizedEBITDA,"123,653,000","38,740,000","26,314,000","37,527,000","21,072,000","5,269,000","-5,645,000","2,289,000","-14,449,000","24,630,000","42,189,000","44,285,000","49,480,000","45,472,000","43,907,000","48,432,000","55,854,000","44,569,000","43,246,000","45,851,000","44,815,000","40,042,000","34,838,000","41,079,000","45,900,000","39,705,000","43,852,000","39,741,000","40,375,000","33,601,000","27,747,000","36,123,000","33,690,000","25,514,000","19,287,000","25,652,000","25,643,000","18,326,000","10,848,809","14,726,292","13,846,084","10,482,186","2,736,477","12,069,751","10,848,918","7,738,285","6,189,980","12,459,467","11,811,481","7,890,890","6,198,009","9,288,947","10,083,685","8,189,501"
TaxRateForCalcs,"0.014","0.182","0.27","0.27","0.27","0.27","0.005","0.004","0.005","0.27","0.051","0.27","0.014","0.026","0.27","0.27","0.004","0.026","0.098","0.4","0.012","0.013","0.4","0.4","0.006","0.031","0.4","0.013","0.052","0.045","0.35","0.049","0.035","0.026","0.35","0.35","0.053","0.194","0.215","0.165","0.35","0.131","0.35","0.35","0.35","0.35","0.005","0.35","0.35","0.35","0.003","0.35","0","0"
TaxEffectOfUnusualItems,"-111,846.066","0","42,930","-1,177,470","-1,030,860","13,500","-5,542.998","775.67","-149.711","-211,950","252,598.201","-8,370","476,558.871","110,045.283","-463,050","6,703,020","69,637.368","-1,123.505","-31,493.547","3,090,000","200,430.36","239,151.337","-330,000","3,754,800","6,099.14","1,131,319.869","25,908,400","-26,045.54","-5,931.121","0","-1,597,400","-179,402.35","-22,922.98","-17,920.661","6,650","-517,300","-41,468.354","-125,557.656","-566,591.971","-38,869.324","-309,200.5","-75,885.605","-25,154.85","-63,662.2","-12,610.85","0","-32,711.404","-25,959.5","-678.3","-13,107.85","-2,686.541","-2,286,837","0","0"