name,ttm,03/31/2022,12/31/2021,09/30/2021,06/30/2021,03/31/2021,12/31/2020,09/30/2020,06/30/2020,03/31/2020,12/31/2019,09/30/2019,06/30/2019,03/31/2019,12/31/2018,09/30/2018,06/30/2018,03/31/2018,12/31/2017,09/30/2017,06/30/2017,03/31/2017
TotalRevenue,"262,424,000","69,382,000","78,398,000","61,685,000","52,959,000","40,352,000","46,009,000","35,842,000","12,183,000","21,347,000","26,906,000","20,862,000","18,032,000","16,250,000","16,559,000","13,054,000","10,938,000","10,042,000","9,957,000","7,271,000","6,042,000","5,297,000"
	OperatingRevenue,"262,424,000","69,382,000","78,398,000","61,685,000","52,959,000","40,352,000","46,009,000","35,842,000","12,183,000","21,347,000","26,906,000","20,862,000","18,032,000","16,250,000","16,559,000","13,054,000","10,938,000","10,042,000","9,957,000","7,271,000","6,042,000","5,297,000"
CostOfRevenue,"37,302,000","10,004,000","11,156,000","8,624,000","7,518,000","5,981,000","7,161,000","5,211,000","1,954,000","3,297,000","4,239,000","3,456,000","3,094,000","2,854,000","3,193,000","2,467,000","2,102,000","2,294,000","1,881,000","1,565,000","1,376,000","1,196,000"
GrossProfit,"225,122,000","59,378,000","67,242,000","53,061,000","45,441,000","34,371,000","38,848,000","30,631,000","10,229,000","18,050,000","22,667,000","17,406,000","14,938,000","13,396,000","13,366,000","10,587,000","8,836,000","7,748,000","8,076,000","5,706,000","4,666,000","4,101,000"
OperatingExpense,"265,339,000","75,434,000","69,063,000","62,857,000","57,985,000","50,060,000","45,910,000","40,523,000","33,043,000","34,490,000","31,960,000","26,057,000","23,114,000","22,173,000","18,263,000","15,236,000","14,473,000","12,943,000","11,922,000","9,355,000","9,050,000","8,225,000"
	SellingGeneralAndAdministration,"224,273,000","63,564,000","58,769,000","53,243,000","48,697,000","41,906,000","38,625,000","33,216,000","26,981,000","29,052,000","28,193,000","22,434,000","20,268,000","19,570,000","16,111,000","13,465,000","12,738,000","11,213,000","10,240,000","8,179,000","7,307,000","6,632,000"
		GeneralAndAdministrativeExpense,,,,,,,,,,,,,,,,"2,153,000","2,005,000","1,345,000","1,254,000","864,000","801,000","887,000"
			OtherGandA,,,,,,,,,,,,,,,,"2,153,000","2,005,000","1,345,000","1,254,000","864,000","801,000","887,000"
		SellingAndMarketingExpense,,,,,,,,,,,,,,,,"11,312,000","10,733,000","9,868,000","8,986,000","7,315,000","6,506,000","5,745,000"
	ResearchAndDevelopment,"41,066,000","11,870,000","10,294,000","9,614,000","9,288,000","8,154,000","7,285,000","7,307,000","6,062,000","5,438,000","3,767,000","3,623,000","2,846,000","2,603,000","2,152,000","1,771,000","1,735,000","1,730,000","1,682,000","1,176,000","1,743,000","1,593,000"
OperatingIncome,"-40,217,000","-16,056,000","-1,821,000","-9,796,000","-12,544,000","-15,689,000","-7,062,000","-9,892,000","-22,814,000","-16,440,000","-9,293,000","-8,651,000","-8,176,000","-8,777,000","-4,897,000","-4,649,000","-5,637,000","-5,195,000","-3,846,000","-3,649,000","-4,384,000","-4,124,000"
NetNonOperatingInterestIncomeExpense,"-2,030,000","-493,000","-523,000","-515,000","-499,000","-466,000","-456,000","-408,000","-278,000","117,000","246,000","374,000","513,000","549,000","132,000","-39,000","-202,000","-1,325,000","-445,000","-373,000","-376,000","-356,000"
	InterestIncomeNonOperating,"102,000","34,000","15,000","22,000","31,000","57,000","77,000","125,000","248,000","642,000","776,000","903,000","1,036,000","1,086,000","821,000","641,000","348,000","60,000","84,000","55,000","46,000","18,000"
	InterestExpenseNonOperating,"2,132,000","527,000","538,000","537,000","530,000","523,000","533,000","533,000","526,000","525,000","530,000","529,000","523,000","537,000","689,000","680,000","550,000","1,385,000","529,000","428,000","422,000","374,000"
OtherIncomeExpense,"-124,000","-45,000","-27,000","-33,000","-19,000","-38,000","62,000","2,000","3,000","78,000","7,000","30,000","13,000","-38,000","-13,000","-5,000","-17,000","19,000","40,000","-1,000","4,000","-1,000"
	OtherNonOperatingIncomeExpenses,"-124,000","-45,000","-27,000","-33,000","-19,000","-38,000","62,000","2,000","3,000","78,000","7,000","30,000","13,000","-38,000","-13,000","-5,000","-17,000","19,000","40,000","-1,000","4,000","-1,000"
PretaxIncome,"-42,371,000","-16,594,000","-2,371,000","-10,344,000","-13,062,000","-16,193,000","-7,456,000","-10,298,000","-23,089,000","-16,245,000","-9,040,000","-8,247,000","-7,650,000","-8,266,000","-4,778,000","-4,693,000","-5,856,000","-6,501,000","-4,251,000","-4,023,000","-4,756,000","-4,481,000"
TaxProvision,"149,000","100,000","20,000","3,000","26,000","23,000","28,000","87,000","0","0","40,000","0","0","0","0","0","0","0","0","0","0","0"
NetIncomeCommonStockholders,"-42,520,000","-16,694,000","-2,391,000","-10,347,000","-13,088,000","-16,216,000","-7,484,000","-10,385,000","-23,089,000","-16,245,000","-9,080,000","-8,247,000","-7,650,000","-8,266,000","-4,778,000","-4,693,000","-5,856,000","-6,501,000","-4,251,000","-4,023,000","-4,756,000","-4,481,000"
	NetIncome,"-42,520,000","-16,694,000","-2,391,000","-10,347,000","-13,088,000","-16,216,000","-7,484,000","-10,385,000","-23,089,000","-16,245,000","-9,080,000","-8,247,000","-7,650,000","-8,266,000","-4,778,000","-4,693,000","-5,856,000","-6,501,000","-4,251,000","-4,023,000","-4,756,000","-4,481,000"
		NetIncomeIncludingNoncontrollingInterests,"-42,520,000","-16,694,000","-2,391,000","-10,347,000","-13,088,000","-16,216,000","-7,484,000","-10,385,000","-23,089,000","-16,245,000","-9,080,000","-8,247,000","-7,650,000","-8,266,000","-4,778,000","-4,693,000","-5,856,000","-6,501,000","-4,251,000","-4,023,000","-4,756,000","-4,481,000"
			NetIncomeContinuousOperations,"-42,520,000","-16,694,000","-2,391,000","-10,347,000","-13,088,000","-16,216,000","-7,484,000","-10,385,000","-23,089,000","-16,245,000","-9,080,000","-8,247,000","-7,650,000","-8,266,000","-4,778,000","-4,693,000","-5,856,000","-6,501,000","-4,251,000","-4,023,000","-4,756,000","-4,481,000"
DilutedNIAvailtoComStockholders,"-42,520,000","-16,694,000","-2,391,000","-10,347,000","-13,088,000","-16,216,000","-7,484,000","-10,385,000","-23,089,000","-16,245,000","-9,080,000","-8,247,000","-7,650,000","-8,266,000","-4,778,000","-4,693,000","-5,856,000","-6,501,000","-4,251,000","-4,023,000","-4,756,000","-4,481,000"
BasicEPS,,"-0.61","-0.09","-0.38","-0.48","-0.6","-0.28","-0.39","-0.88","-0.67","-0.38","-0.34","-0.32","-0.35","-0.22","-0.22","-0.274","-0.482",,"-0.323","-0.382","-0.36"
DilutedEPS,,"-0.61","-0.09","-0.38","-0.48","-0.6","-0.28","-0.39","-0.88","-0.67","-0.38","-0.34","-0.32","-0.35","-0.22","-0.22","-0.274","-0.482",,"-0.323","-0.382","-0.36"
BasicAverageShares,,"27,517,268","27,374,196","27,300,377","27,230,044","27,144,361","26,984,534","26,835,603","26,289,272","24,165,875","24,066,898","23,940,430","23,753,647","23,441,560","21,826,590","21,361,739","21,352,974","13,490,719",,"12,462,504","12,462,504","12,462,504"
DilutedAverageShares,,"27,517,268","27,374,196","27,300,377","27,230,044","27,144,361","26,984,534","26,835,603","26,289,272","24,165,875","24,066,898","23,940,430","23,753,647","23,441,560","21,826,590","21,361,739","21,352,974","13,490,719",,"12,462,504","12,462,504","12,462,504"
TotalOperatingIncomeAsReported,"-40,217,000","-16,056,000","-1,821,000","-9,796,000","-12,544,000","-15,689,000","-7,062,000","-9,892,000","-22,814,000","-16,440,000","-9,293,000","-8,651,000","-8,176,000","-8,777,000","-4,897,000","-4,649,000","-5,637,000","-5,195,000","-3,846,000","-3,649,000","-4,384,000","-4,124,000"
TotalExpenses,"302,641,000","85,438,000","80,219,000","71,481,000","65,503,000","56,041,000","53,071,000","45,734,000","34,997,000","37,787,000","36,199,000","29,513,000","26,208,000","25,027,000","21,456,000","17,703,000","16,575,000","15,237,000","13,803,000","10,920,000","10,426,000","9,421,000"
NetIncomeFromContinuingAndDiscontinuedOperation,"-42,520,000","-16,694,000","-2,391,000","-10,347,000","-13,088,000","-16,216,000","-7,484,000","-10,385,000","-23,089,000","-16,245,000","-9,080,000","-8,247,000","-7,650,000","-8,266,000","-4,778,000","-4,693,000","-5,856,000","-6,501,000","-4,251,000","-4,023,000","-4,756,000","-4,481,000"
NormalizedIncome,"-42,520,000","-16,694,000","-2,391,000","-10,347,000","-13,088,000","-16,216,000","-7,484,000","-10,385,000","-23,089,000","-16,245,000","-9,080,000","-8,247,000","-7,650,000","-8,266,000","-4,778,000","-4,693,000","-5,856,000","-6,501,000","-4,251,000","-4,023,000","-4,756,000","-4,481,000"
InterestIncome,"102,000","34,000","15,000","22,000","31,000","57,000","77,000","125,000","248,000","642,000","776,000","903,000","1,036,000","1,086,000","821,000","641,000","348,000","60,000","84,000","55,000","46,000","18,000"
InterestExpense,"2,132,000","527,000","538,000","537,000","530,000","523,000","533,000","533,000","526,000","525,000","530,000","529,000","523,000","537,000","689,000","680,000","550,000","1,385,000","529,000","428,000","422,000","374,000"
NetInterestIncome,"-2,030,000","-493,000","-523,000","-515,000","-499,000","-466,000","-456,000","-408,000","-278,000","117,000","246,000","374,000","513,000","549,000","132,000","-39,000","-202,000","-1,325,000","-445,000","-373,000","-376,000","-356,000"
EBIT,"-40,239,000","-16,067,000","-1,833,000","-9,807,000","-12,532,000","-15,670,000","-6,923,000","-9,765,000","-22,563,000","-15,720,000","-8,510,000","-7,718,000","-7,127,000","-7,729,000","-4,089,000","-4,013,000","-5,306,000","-5,116,000","-3,722,000","-3,595,000","-4,334,000","-4,107,000"
EBITDA,"-38,896,000"
ReconciledCostOfRevenue,"37,302,000","10,004,000","11,156,000","8,624,000","7,518,000","5,981,000","7,161,000","5,211,000","1,954,000","3,297,000","4,239,000","3,456,000","3,094,000","2,854,000","3,193,000","2,467,000","2,102,000","2,294,000","1,881,000","1,565,000","1,376,000","1,196,000"
ReconciledDepreciation,"1,343,000","359,000","344,000","336,000","304,000","234,000","253,000","212,000","188,000","187,000","153,000","133,000","106,000","103,000","105,000","100,000","98,000","90,000","111,000","75,000","56,000","43,000"
NetIncomeFromContinuingOperationNetMinorityInterest,"-42,520,000","-16,694,000","-2,391,000","-10,347,000","-13,088,000","-16,216,000","-7,484,000","-10,385,000","-23,089,000","-16,245,000","-9,080,000","-8,247,000","-7,650,000","-8,266,000","-4,778,000","-4,693,000","-5,856,000","-6,501,000","-4,251,000","-4,023,000","-4,756,000","-4,481,000"
NormalizedEBITDA,"-38,896,000","-15,708,000","-1,489,000","-9,471,000","-12,228,000","-15,436,000","-6,670,000","-9,553,000","-22,375,000","-15,533,000","-8,357,000","-7,585,000","-7,021,000","-7,626,000","-3,984,000","-3,913,000","-5,208,000","-5,026,000","-3,611,000","-3,520,000","-4,278,000","-4,064,000"
TaxRateForCalcs,"0.4","0.4","0.27","0.27","0.27","0.27","0.27","0.27","0","0","0.27","0","0","0","0","0","0","0","0","0","0","0"
TaxEffectOfUnusualItems,"0","0","0","0","0","0","0","0","0","0","0","0","0","0","0","0","0","0","0","0","0","0"