name,ttm,03/31/2022,12/31/2021,09/30/2021,06/30/2021,03/31/2021,12/31/2020,09/30/2020,06/30/2020,03/31/2020,12/31/2019,09/30/2019,06/30/2019,03/31/2019
TotalRevenue,"497,297,000","152,522,000","240,504,000","104,271,000","0","0","0","0","0","0","0","0","0","0"
	OperatingRevenue,"497,297,000","152,522,000","240,504,000","104,271,000","0","0","0","0","0","0","0","0","0","0"
OperatingExpense,"106,885,000","30,966,000","26,027,000","23,374,000","26,519,000","13,774,000","14,620,000","10,953,000","7,264,000","6,470,000","6,289,000","6,660,000","5,162,000","5,158,000"
	SellingGeneralAndAdministration,"44,074,000","10,615,000","9,598,000","8,761,000","15,101,000","7,046,000","5,729,000","4,799,000","2,394,000","2,418,000","2,276,000","2,699,000","2,093,000","1,769,000"
		GeneralAndAdministrativeExpense,"44,074,000","10,615,000","9,598,000","8,761,000","15,101,000","7,046,000","5,729,000","4,799,000","2,394,000","2,418,000","2,276,000","2,699,000","2,093,000","1,769,000"
			OtherGandA,"44,074,000","10,615,000","9,598,000","8,761,000","15,101,000","7,046,000","5,729,000","4,799,000","2,394,000","2,418,000","2,276,000","2,699,000","2,093,000","1,769,000"
	ResearchAndDevelopment,"68,822,000","21,096,000","17,386,000","16,102,000","14,238,000","11,643,000","9,212,000","8,726,000","6,137,000","5,825,000","5,960,000","4,998,000","3,902,000","4,351,000"
	OtherTaxes,"-254,000","-254,000","288,000","-169,000","-119,000","0","357,000","-273,000","-186,000","-184,000","-251,000","-186,000","-155,000","-198,000"
	OtherOperatingExpenses,"-5,757,000","-491,000","-1,245,000","-1,320,000","-2,701,000","-4,915,000","-678,000","-2,299,000","-1,081,000","-1,589,000","-1,696,000","-851,000","-678,000","-764,000"
OperatingIncome,"390,412,000","121,556,000","214,477,000","80,897,000","-26,519,000","-13,774,000","-14,620,000","-10,953,000","-7,264,000","-6,470,000","-6,289,000","-6,660,000","-5,162,000","-5,158,000"
OtherIncomeExpense,"-881,000","-2,023,000","9,567,000","-8,484,000","60,000","240,000","-283,000","265,000","12,000","1,223,000","945,000","-232,000","-535,000","756,000"
	GainOnSaleOfSecurity,,,,,,,,,,"1,265,000","953,000","-230,000","-488,000","784,000"
	OtherNonOperatingIncomeExpenses,"-881,000","-2,023,000","9,567,000","-8,484,000","60,000","240,000","-283,000","265,000","12,000","1,223,000","945,000","-232,000","-535,000","756,000"
PretaxIncome,"389,531,000","119,533,000","224,044,000","72,413,000","-26,459,000","-13,534,000","-14,903,000","-10,688,000","-7,252,000","-5,247,000","-5,344,000","-6,892,000","-5,697,000","-4,402,000"
TaxProvision,"91,894,000","49,951,000","39,172,000","2,771,000","0",,"1,000","-8,000","-50,000",,"32,000","29,000","58,000",
NetIncomeCommonStockholders,"297,637,000","69,582,000","184,872,000","69,642,000","-26,459,000","-13,534,000","-14,904,000","-11,647,000","-10,302,000","-5,247,000","-2,481,000","-7,991,000","-6,776,000","-5,206,000"
	NetIncome,"297,637,000","69,582,000","184,872,000","69,642,000","-26,459,000","-13,534,000","-14,904,000","-10,680,000","-7,202,000","-5,247,000","-5,376,000","-6,921,000","-5,755,000","-4,402,000"
		NetIncomeIncludingNoncontrollingInterests,"297,637,000","69,582,000","184,872,000","69,642,000","-26,459,000","-13,534,000","-14,904,000","-10,680,000","-7,202,000","-5,247,000","-5,376,000","-6,921,000","-5,755,000","-4,402,000"
			NetIncomeContinuousOperations,"297,637,000","69,582,000","184,872,000","69,642,000","-26,459,000","-13,534,000","-14,904,000","-10,680,000","-7,202,000","-5,247,000","-5,376,000","-6,921,000","-5,755,000","-4,402,000"
	PreferredStockDividends,,,,,,,"0","36,000","106,000","107,000","107,000","107,000","106,000","107,000"
	OtherunderPreferredStockDividend,,,,"0","0","0","0","931,000","2,994,000","-107,000","-3,002,000","963,000","915,000","697,000"
DilutedNIAvailtoComStockholders,"297,637,000","69,582,000","184,872,000","69,642,000","-26,459,000","-13,534,000","-14,904,000","-11,647,000","-10,302,000","-5,247,000","-2,481,000","-7,991,000","-6,776,000","-5,206,000"
BasicEPS,,"1.96",,"1.98","-0.75","-0.39",,"-0.48","-0.324","-0.53",,"-0.806","-0.684","-0.525"
DilutedEPS,,"1.82",,"1.86","-0.75","-0.39",,"-0.48","-0.324","-0.53",,"-0.806","-0.684","-0.525"
BasicAverageShares,,"35,493,272",,"35,196,995","35,119,952","35,086,662",,"24,349,222","31,748,491","9,912,494",,"9,912,494","9,912,494","9,912,494"
DilutedAverageShares,,"38,135,957",,"37,482,089","35,119,952","35,086,662",,"24,349,222","31,748,491","9,912,494",,"9,912,494","9,912,494","9,912,494"
TotalOperatingIncomeAsReported,"384,401,000","120,811,000","213,520,000","79,408,000","-29,339,000","-18,689,000","-14,941,000","-13,525,000","-8,531,000","-8,243,000","-8,236,000","-7,697,000","-5,995,000","-6,120,000"
TotalExpenses,"106,885,000","30,966,000","26,027,000","23,374,000","26,519,000","13,774,000","14,620,000","10,953,000","7,264,000","6,470,000","6,289,000","6,660,000","5,162,000","5,158,000"
NetIncomeFromContinuingAndDiscontinuedOperation,"297,637,000","69,582,000","184,872,000","69,642,000","-26,459,000","-13,534,000","-14,904,000","-10,680,000","-7,202,000","-5,247,000","-5,376,000","-6,921,000","-5,755,000","-4,402,000"
NormalizedIncome,"297,637,000","69,582,000","184,872,000","69,642,000","-26,459,000","-13,534,000","-14,904,000","-10,680,000","-7,202,000","-5,247,000","-5,376,000","-6,921,000","-5,755,000","-4,402,000"
EBIT,"390,412,000","121,556,000","214,477,000","80,897,000","-26,519,000","-13,774,000","-14,620,000","-10,953,000","-7,264,000","-6,470,000","-5,355,000","-6,660,000","-5,162,000","-5,158,000"
EBITDA,"391,069,000"
ReconciledDepreciation,"657,000","180,000","151,000","176,000","150,000","126,000","143,000","142,000","129,000","121,000","146,000","158,000","158,000","149,000"
NetIncomeFromContinuingOperationNetMinorityInterest,"297,637,000","69,582,000","184,872,000","69,642,000","-26,459,000","-13,534,000","-14,904,000","-10,680,000","-7,202,000","-5,247,000","-5,376,000","-6,921,000","-5,755,000","-4,402,000"
TotalUnusualItemsExcludingGoodwill,,,,,,,,,,"1,265,000","953,000","-230,000","-488,000","784,000"
TotalUnusualItems,,,,,,,,,,"1,265,000","953,000","-230,000","-488,000","784,000"
NormalizedEBITDA,"391,069,000","121,736,000","214,628,000","81,073,000","-26,369,000","-13,648,000","-14,477,000","-10,811,000","-7,135,000","-6,349,000","-5,209,000","-6,502,000","-5,004,000","-5,009,000"
TaxRateForCalcs,"0.236","0.4","0.175","0.038","0","0","0.27","0.001","0.007","0","0.27","0.27","0.27","0"
TaxEffectOfUnusualItems,"0","0","0","0","0","0","0","0","0","0","0","0","0","0"