name,ttm,03/31/2022,12/31/2021,09/30/2021,06/30/2021,03/31/2021,12/31/2020,09/30/2020,06/30/2020,03/31/2020,12/31/2019,09/30/2019
TotalRevenue,"63,752,000","9,622,000","15,275,000","20,336,000","18,519,000","18,702,000","12,785,000","14,533,000","3,288,000","3,428,000","1,833,000","950,000"
	OperatingRevenue,"63,752,000","9,622,000","15,275,000","20,336,000","18,519,000","18,702,000","12,785,000","14,533,000","3,288,000","3,428,000","1,833,000","950,000"
OperatingExpense,"188,046,000","46,555,000","49,269,000","48,973,000","43,249,000","31,871,000","25,567,000","22,616,000","17,480,000","14,675,000","13,616,000","12,811,000"
	SellingGeneralAndAdministration,"41,047,000","10,611,000","11,740,000","10,667,000","8,029,000","5,909,000","5,175,000","6,838,000","3,661,000","2,559,000","2,530,000","1,501,000"
		GeneralAndAdministrativeExpense,"41,047,000","10,611,000","11,740,000","10,667,000","8,029,000","5,909,000","5,175,000","6,838,000","3,661,000","2,559,000","2,530,000","1,501,000"
			OtherGandA,"41,047,000","10,611,000","11,740,000","10,667,000","8,029,000","5,909,000","5,175,000","6,838,000","3,661,000","2,559,000","2,530,000","1,501,000"
	ResearchAndDevelopment,"146,999,000","35,944,000","37,529,000","38,306,000","35,220,000","25,962,000","20,392,000","15,778,000","13,819,000","12,116,000","11,086,000","11,310,000"
OperatingIncome,"-124,294,000","-36,933,000","-33,994,000","-28,637,000","-24,730,000","-13,169,000","-12,782,000","-8,083,000","-14,192,000","-11,247,000","-11,783,000","-11,861,000"
NetNonOperatingInterestIncomeExpense,"468,000","249,000","94,000","55,000","70,000","94,000","97,000","97,000","203,000","315,000","270,000","441,000"
	InterestIncomeNonOperating,"660,000","290,000","145,000","125,000","98,000","118,000","124,000","125,000","228,000","349,000","300,000","445,000"
	InterestExpenseNonOperating,"192,000","41,000","51,000","70,000","28,000","24,000","27,000","28,000","25,000","34,000","30,000","4,000"
PretaxIncome,"-123,826,000","-36,684,000","-33,900,000","-28,582,000","-24,660,000","-13,075,000","-12,685,000","-7,986,000","-13,989,000","-10,932,000","-11,513,000","-11,420,000"
NetIncomeCommonStockholders,"-123,826,000","-36,684,000","-33,900,000","-28,582,000","-24,660,000","-13,075,000","-12,685,000","-7,986,000","-13,989,000","-19,982,000","-11,513,000","-11,420,000"
	NetIncome,"-123,826,000","-36,684,000","-33,900,000","-28,582,000","-24,660,000","-13,075,000","-12,685,000","-7,986,000","-13,989,000","-10,932,000","-11,513,000","-11,420,000"
		NetIncomeIncludingNoncontrollingInterests,"-123,826,000","-36,684,000","-33,900,000","-28,582,000","-24,660,000","-13,075,000","-12,685,000","-7,986,000","-13,989,000","-10,932,000","-11,513,000","-11,420,000"
			NetIncomeContinuousOperations,"-123,826,000","-36,684,000","-33,900,000","-28,582,000","-24,660,000","-13,075,000","-12,685,000","-7,986,000","-13,989,000","-10,932,000","-11,513,000","-11,420,000"
	PreferredStockDividends,,,,,,,"0",,"0","9,050,000",,
DilutedNIAvailtoComStockholders,"-123,826,000","-36,684,000","-33,900,000","-28,582,000","-24,660,000","-13,075,000","-12,685,000","-7,986,000","-13,989,000","-19,982,000","-11,513,000","-11,420,000"
BasicEPS,,"-0.71","-0.66","-0.56","-0.55","-0.29","-0.29","-0.39","-0.335","-0.662",,"-0.378"
DilutedEPS,,"-0.71","-0.66","-0.56","-0.55","-0.29","-0.29","-0.39","-0.335","-0.662",,"-0.378"
BasicAverageShares,,"51,651,125","51,394,065","50,714,846","45,094,238","44,649,572","44,467,228","20,677,392","41,724,092","30,195,091",,"30,195,091"
DilutedAverageShares,,"51,651,125","51,394,065","50,714,846","45,094,238","44,649,572","44,467,228","20,677,392","41,724,092","30,195,091",,"30,195,091"
TotalOperatingIncomeAsReported,"-124,294,000","-36,933,000","-33,994,000","-28,637,000","-24,730,000","-13,169,000","-12,782,000","-8,083,000","-14,192,000","-11,247,000","-11,783,000","-11,861,000"
TotalExpenses,"188,046,000","46,555,000","49,269,000","48,973,000","43,249,000","31,871,000","25,567,000","22,616,000","17,480,000","14,675,000","13,616,000","12,811,000"
NetIncomeFromContinuingAndDiscontinuedOperation,"-123,826,000","-36,684,000","-33,900,000","-28,582,000","-24,660,000","-13,075,000","-12,685,000","-7,986,000","-13,989,000","-10,932,000","-11,513,000","-11,420,000"
NormalizedIncome,"-123,826,000","-36,684,000","-33,900,000","-28,582,000","-24,660,000","-13,075,000","-12,685,000","-7,986,000","-13,989,000","-10,932,000","-11,513,000","-11,420,000"
InterestIncome,"660,000","290,000","145,000","125,000","98,000","118,000","124,000","125,000","228,000","349,000","300,000","445,000"
InterestExpense,"192,000","41,000","51,000","70,000","28,000","24,000","27,000","28,000","25,000","34,000","30,000","4,000"
NetInterestIncome,"468,000","249,000","94,000","55,000","70,000","94,000","97,000","97,000","203,000","315,000","270,000","441,000"
EBIT,"-123,634,000","-36,643,000","-33,849,000","-28,512,000","-24,632,000","-13,051,000","-12,658,000","-7,958,000","-13,964,000","-10,898,000","-11,483,000","-11,416,000"
EBITDA,"-121,035,000"
ReconciledDepreciation,"2,599,000","687,000","689,000","671,000","552,000","485,000","497,000","490,000","389,000","387,000","361,000","158,000"
NetIncomeFromContinuingOperationNetMinorityInterest,"-123,826,000","-36,684,000","-33,900,000","-28,582,000","-24,660,000","-13,075,000","-12,685,000","-7,986,000","-13,989,000","-10,932,000","-11,513,000","-11,420,000"
NormalizedEBITDA,"-121,035,000","-35,956,000","-33,160,000","-27,841,000","-24,080,000","-12,566,000","-12,161,000","-7,468,000","-13,575,000","-10,511,000","-11,122,000","-11,258,000"
TaxRateForCalcs,"0","0","0","0","0","0","0","0","0","0","0","0"
TaxEffectOfUnusualItems,"0","0","0","0","0","0","0","0","0","0","0","0"