name,ttm,03/31/2022,12/31/2021,09/30/2021,06/30/2021,03/31/2021,12/31/2020,09/30/2020,06/30/2020,03/31/2020,12/31/2019,09/30/2019,06/30/2019,03/31/2019,12/31/2018,09/30/2018,06/30/2018,03/31/2018,12/31/2017,09/30/2017,06/30/2017,03/31/2017,12/31/2016,09/30/2016,06/30/2016,03/31/2016,12/31/2015,09/30/2015,06/30/2015,03/31/2015,12/31/2014,09/30/2014,06/30/2014,03/31/2014,12/31/2013,09/30/2013,06/30/2013,03/31/2013,12/31/2012,09/30/2012,06/30/2012,03/31/2012,12/31/2011,09/30/2011,06/30/2011,03/31/2011,12/31/2010,09/30/2010
TotalRevenue,"1,676,240,000","532,395,000","470,224,000","379,250,000","294,371,000","250,230,000","188,065,000","173,547,000","110,588,000","204,992,000","218,122,000","193,569,000","216,643,000","208,947,000","215,287,000","279,746,000","351,046,000","259,696,000","240,337,000","205,818,000","187,001,000","189,006,000","184,314,000","159,734,000","146,773,000","106,557,000","123,275,000","150,340,000","182,331,000","150,694,000","237,290,000","200,241,000","183,044,000","173,310,000","153,416,000","170,840,000","177,296,000","163,705,000","152,408,000","144,700,000","140,624,000","150,348,000","138,963,000","132,460,000","131,727,000","107,111,000","84,943,000","60,135,000"
	OperatingRevenue,"1,676,240,000","532,395,000","470,224,000","379,250,000","294,371,000","250,230,000","188,065,000","173,547,000","110,588,000","204,992,000","218,122,000","193,569,000","216,643,000","208,947,000","215,287,000","279,746,000","351,046,000","259,696,000","240,337,000","205,818,000","187,001,000","189,006,000","184,314,000","159,734,000","146,773,000","106,557,000","123,275,000","150,340,000","182,331,000","150,694,000","237,290,000","200,241,000","183,044,000","173,310,000","153,416,000","170,840,000","177,296,000","163,705,000","152,408,000","144,700,000","140,624,000","150,348,000","138,963,000","132,460,000","131,727,000","107,111,000","84,943,000","60,135,000"
CostOfRevenue,"746,008,000","226,233,000","199,583,000","180,271,000","139,921,000","121,084,000","127,306,000","119,401,000","111,035,000","173,053,000","140,993,000","124,713,000","131,442,000","127,220,000","131,717,000","145,789,000","226,790,000","140,673,000","129,772,000","118,923,000","111,495,000","111,057,000","112,260,000","107,254,000","106,574,000","101,986,000","138,290,000","147,837,000","170,411,000","147,838,000","178,495,000","103,557,000","88,509,000","85,203,000","72,921,000","88,665,000","98,977,000","99,172,000","274,441,000","29,210,000","23,702,000","25,641,000","24,920,000","20,182,000","19,103,000","15,868,000","12,984,000","9,261,000"
GrossProfit,"930,232,000","306,162,000","270,641,000","198,979,000","154,450,000","129,146,000","60,759,000","54,146,000","-447,000","31,939,000","77,129,000","68,856,000","85,201,000","81,727,000","83,570,000","133,957,000","124,256,000","119,023,000","110,565,000","86,895,000","75,506,000","77,949,000","72,054,000","52,480,000","40,199,000","4,571,000","-15,015,000","2,503,000","11,920,000","2,856,000","58,795,000","96,684,000","94,535,000","88,107,000","80,495,000","82,175,000","78,319,000","64,533,000","-122,033,000","115,490,000","116,922,000","124,707,000","114,043,000","112,278,000","112,624,000","91,243,000","71,959,000","50,874,000"
OperatingExpense,"126,313,000","37,706,000","27,192,000","28,466,000","32,949,000","26,343,000","28,986,000","25,736,000","22,957,000","27,212,000","24,507,000","15,440,000","16,967,000","27,330,000","27,447,000","29,547,000","29,489,000","25,831,000","24,732,000","26,443,000","23,445,000","26,623,000","26,594,000","26,988,000","21,362,000","20,295,000","23,101,000","23,512,000","23,801,000","22,434,000","22,268,000","27,520,000","29,974,000","28,069,000","25,483,000","24,755,000","20,905,000","20,028,000","-159,872,000","78,461,000","75,399,000","69,318,000","74,380,000","57,675,000","54,116,000","41,875,000","45,386,000","31,495,000"
	SellingGeneralAndAdministration,"71,672,000","21,944,000","13,619,000","15,008,000","21,101,000","13,073,000","15,840,000","11,473,000","10,659,000","12,562,000","13,302,000","8,852,000","11,056,000","21,519,000","21,182,000","23,397,000","26,834,000","24,725,000","23,707,000","25,000,000","22,008,000","25,597,000","25,698,000","26,105,000","20,502,000","19,451,000","22,449,000","22,913,000","23,208,000","21,855,000","21,760,000","27,078,000","29,552,000","27,654,000","25,162,000","24,405,000","20,495,000","19,634,000","15,944,000","14,221,000","14,702,000","17,795,000","12,990,000","18,464,000","10,677,000","9,397,000","8,338,000","7,771,000"
		GeneralAndAdministrativeExpense,"71,672,000","21,944,000","13,619,000","15,008,000","21,101,000","13,073,000","15,840,000","11,473,000","10,659,000","12,562,000","13,302,000","8,852,000","11,056,000","21,519,000","21,182,000","23,397,000","26,834,000","24,725,000","23,707,000","25,000,000","22,008,000","25,597,000","25,698,000","26,105,000","20,502,000","19,451,000","22,449,000","22,913,000","23,208,000","21,855,000","21,760,000","27,078,000","29,552,000","27,654,000","25,162,000","24,405,000","20,495,000","19,634,000","15,944,000","14,221,000",,"17,795,000",,"18,464,000",,"9,397,000",,
			SalariesAndWages,,,,,,,,,,,,,,,,,,,,,,,,,,,,,,,,,,,"7,877,000",,,,,"2,767,000",,"2,247,000",,"4,211,000",,"319,000",,
			OtherGandA,"71,672,000","21,944,000","13,619,000","15,008,000","21,101,000","13,073,000","15,840,000","11,473,000","10,659,000","12,562,000","13,302,000","8,852,000","11,056,000","21,519,000","21,182,000","23,397,000","26,834,000","24,725,000","23,707,000","25,000,000","22,008,000","25,597,000","25,698,000","26,105,000","20,502,000","19,451,000","22,449,000","22,913,000","23,208,000","21,855,000","21,760,000","27,078,000","29,552,000","27,654,000","25,162,000","24,405,000","20,495,000","19,634,000","23,546,000","11,454,000",,"15,548,000",,"14,253,000",,"9,078,000",,
		SellingAndMarketingExpense,,,,,,,,,,,,"5,583,000","4,891,000","4,759,000","5,134,000","5,036,000","1,534,000",,,,,,,,,,,,,,,,,,,,,,,,,,,,,,,
	DepreciationAmortizationDepletionIncomeStatement,,,,,,,,,,,,,,,,,,,,,,,,,,,,,,,,,,,,,,,,"63,925,000","60,697,000","51,523,000","61,390,000","39,059,000","43,439,000","32,478,000","37,048,000","23,724,000"
	OtherTaxes,"40,712,000",,,,,,,,,"9,244,000","11,080,000","11,085,000","11,328,000","7,219,000","11,225,000","14,015,000","12,405,000","11,812,000","10,991,000","9,558,000","8,472,000","8,781,000","7,103,000","7,066,000","7,982,000","6,435,000","6,411,000","7,895,000","9,500,000","9,086,000","12,152,000","12,550,000","13,160,000","12,450,000","9,506,000","11,723,000","9,722,000","11,445,000",,,,,,,,,,
	OtherOperatingExpenses,"54,641,000","15,762,000","13,573,000","13,458,000","11,848,000","13,270,000","13,146,000","14,263,000","12,298,000","14,650,000","11,205,000","6,588,000","5,911,000","5,811,000","6,265,000","6,150,000","2,655,000","1,106,000","1,025,000","1,443,000","1,437,000","1,026,000","896,000","883,000","860,000","844,000","652,000","599,000","593,000","579,000","508,000","442,000","422,000","415,000","321,000","350,000","410,000","394,000","329,000","315,000",,,,"152,000",,,,
OperatingIncome,"803,919,000","268,456,000","243,449,000","170,513,000","121,501,000","102,803,000","31,773,000","28,410,000","-23,404,000","4,727,000","52,622,000","53,416,000","68,234,000","54,397,000","56,123,000","104,410,000","94,767,000","93,192,000","85,833,000","60,452,000","52,061,000","51,326,000","45,460,000","25,492,000","18,837,000","-15,724,000","-38,116,000","-21,009,000","-11,881,000","-19,578,000","36,527,000","69,164,000","64,561,000","60,038,000","55,012,000","57,420,000","57,414,000","44,505,000","37,839,000","37,029,000","41,523,000","55,389,000","39,663,000","54,603,000","58,508,000","49,368,000","26,573,000","19,379,000"
NetNonOperatingInterestIncomeExpense,"-119,916,000","-32,477,000","-31,163,000","-30,406,000","-25,870,000","-25,946,000","-26,139,000","-26,828,000","-27,072,000","-24,970,000","-15,044,000","-15,191,000","-15,765,000","-15,547,000","-15,117,000","-14,845,000","-13,981,000","-13,065,000","-19,509,000","-23,364,000","-23,124,000","-22,575,000","-22,972,000","-23,044,000","-23,501,000","-23,606,000","-23,449,000","-23,256,000","-23,797,000","-32,291,000","-30,997,000","-30,516,000","-30,463,000","-28,903,000","-24,029,000","-24,870,000","-25,931,000","-25,334,000","-24,776,000","-24,410,000","-21,659,000","-14,668,000","-15,493,000","-12,779,000","-11,714,000","-10,480,000","-6,588,000","-5,913,000"
	InterestIncomeNonOperating,,,,,,,,,,,,,,,,,"443,000","453,000","278,000","333,000","49,000","145,000","32,000","33,000","11,000","99,000","38,000","92,000","173,000","123,000","-16,000","33,000","194,000","83,000","77,000","59,000","12,000","15,000","15,000","13,000","15,000","16,000","25,000","31,000","22,000","36,000","25,000","28,000"
	InterestExpenseNonOperating,"115,465,000","32,477,000","26,712,000","30,406,000","25,870,000","25,946,000","22,431,000","26,828,000","27,072,000","24,970,000","11,933,000","15,191,000","15,765,000","15,547,000","11,462,000","14,845,000","14,424,000","13,518,000","15,819,000","23,697,000","23,173,000","22,720,000","19,082,000","23,077,000","23,512,000","23,705,000","19,244,000","23,348,000","23,970,000","32,414,000","30,059,000","29,361,000","29,463,000","27,857,000","24,156,000","22,295,000","24,623,000","24,045,000","19,851,000","24,423,000","21,674,000","14,684,000","15,518,000","12,810,000","11,736,000","10,516,000","6,613,000","5,941,000"
	TotalOtherFinanceCost,,,,,,,,,,,,,,,,,,,,,,,,,,,,,,,"922,000","1,188,000","1,194,000","1,129,000","-50,000","2,634,000","1,320,000","1,304,000",,,,,,,,,,
OtherIncomeExpense,"-546,807,000","-323,637,000","7,042,000","-598,000","-229,614,000","-153,058,000","-168,358,000","-241,412,000","-502,152,000","257,755,000","-281,075,000","-305,321,000","122,664,000","-48,437,000","111,429,000","-33,128,000","-47,334,000","6,393,000","344,037,000","-26,061,000","32,173,000","39,525,000","-40,909,000","7,037,000","-66,768,000","-141,041,000","-903,082,000","-762,260,000","-583,202,000","55,040,000","324,523,000","90,537,000","-63,371,000","-31,241,000","80,648,000","-10,685,000","23,858,000","-16,924,000","3,687,000","-24,157,000","28,535,000","271,000","-21,809,000","49,264,000","17,418,000","-31,621,000","-17,877,000","4,557,000"
	GainOnSaleOfSecurity,"-623,626,000","-325,816,000","15,372,000","-96,240,000","-216,942,000","-154,365,000","-81,935,000","-45,250,000","-90,537,000","297,836,000","-57,562,000","96,684,000","88,394,000","-48,365,000","112,195,000","-32,245,000","-45,976,000","9,010,000","-37,777,000","-27,441,000","28,897,000","36,671,000","-43,642,000","6,850,000","-68,518,000","17,885,000","72,455,000","142,580,000","-63,899,000","63,155,000","329,367,000","92,790,000","-63,125,000","-31,112,000","82,610,000","-9,838,000","23,966,000","-16,860,000","3,730,000","-24,156,000",,,,"52,213,000",,,,
	EarningsFromEquityInterest,"0",,,,,,,,,,,,,,"0","0","0","0","406,481,000","2,371,000","2,471,000","3,068,000","3,144,000","265,000","3,696,000","2,298,000","2,214,000","2,104,000","2,914,000","-433,000","-106,000","-61,000","-41,000","16,000","94,000","48,000","-49,000","-64,000",,,,,,,,,,
	SpecialIncomeCharges,"72,950,000","-260,000","-8,903,000","95,201,000","-13,088,000","-72,000","-87,401,000","-196,695,000","-411,599,000","-40,172,000","-223,867,000","-402,561,000","31,424,000","-939,000","-1,207,000","-616,000","-1,358,000","-2,617,000","-24,667,000","-991,000","805,000","-214,000","-411,000","-78,000","-1,946,000","-161,224,000","-977,751,000","-906,944,000","-522,217,000","-7,682,000","-4,738,000","-2,192,000","-205,000","-145,000","-2,056,000","-895,000","-59,000",,"-43,000","-1,000","28,535,000","271,000","-21,809,000","-2,949,000","17,418,000","-31,621,000","-17,877,000","4,557,000"
		RestructuringAndMergernAcquisition,,,"0","0","11,541,000",,"0","0","4,200,000",,"0","5,965,000","10,406,000",,,,,,,,,,"0",,"0","0","0","0","0","6,042,000",,,,,,,,,,,,,,,,,,
		ImpairmentOfCapitalAssets,,,"0","0","1,613,000","0","109,804,000","196,088,000","406,448,000","26,250,000","222,999,000","397,890,000",,,,,,,"0","0","0","0","0",,"963,000","161,064,000","977,561,000","906,850,000","489,599,000","878,000","3,904,000",,,,,,,,"0","0","0","0","0","0","37,000","206,000","0","0"
		WriteOff,,,,,,,"0","0","1,103,000",,,,,,,,,,"0","0","0",,"0",,"842,000",,,"0","0","0","0","0","0","124,000","0","1,502,000",,,"0","0","0","0","0","2,949,000","0","3,246,000",,"0"
		OtherSpecialCharges,,,,,,,"-22,309,000",,"1,103,000","13,320,000","935,000",,"-42,500,000",,,,,,"23,761,000",,,,"0",,"842,000",,"0",,"31,537,000",,"0",,,"124,000","0","1,502,000",,,,"1,000","-28,535,000","-271,000","21,809,000",,"-17,455,000","28,169,000","17,877,000","-4,557,000"
		GainOnSaleOfPPE,"84,363,000","-260,000","-8,903,000","95,201,000","66,000","-72,000","94,000","-607,000","152,000","-602,000","67,000","1,294,000","-670,000","-939,000","-1,207,000","-616,000","-1,358,000","-2,617,000","-906,000","-991,000","805,000","-214,000","-411,000","-78,000","-141,000","-160,000","-190,000","-94,000","-1,081,000","-762,000","-834,000","-2,192,000","-205,000","-21,000","-2,056,000","607,000","-59,000",,,,,,,,,,,
	OtherNonOperatingIncomeExpenses,"3,869,000","2,439,000","573,000","441,000","416,000","1,379,000","978,000","533,000","-16,000","91,000","354,000","556,000","2,846,000","867,000","441,000","-267,000","-915,000","-2,164,000","-628,000","-658,000","854,000","-69,000","-379,000","-45,000","-972,000","-61,000","-152,000",,,,"-850,000",,,,,,,,,,,,,,,,,
PretaxIncome,"137,196,000","-87,658,000","219,328,000","139,509,000","-133,983,000","-76,201,000","-162,724,000","-239,830,000","-552,628,000","237,512,000","-243,497,000","-267,096,000","175,133,000","-9,587,000","152,435,000","56,437,000","33,452,000","86,520,000","410,361,000","11,027,000","61,110,000","68,276,000","-18,421,000","9,485,000","-71,432,000","-180,371,000","-964,647,000","-806,525,000","-618,880,000","3,171,000","330,053,000","129,185,000","-29,273,000","-106,000","111,631,000","21,865,000","55,341,000","2,247,000","16,750,000","-11,538,000","48,399,000","40,992,000","2,361,000","91,088,000","64,212,000","7,267,000","2,108,000","18,023,000"
TaxProvision,"3,530,000","-877,000","3,052,000","2,677,000","-1,322,000","-762,000","3,208,000","-2,398,000","-7,173,000","2,417,000","-1,776,000","-2,467,000","1,751,000","-96,000","2,862,000","1,387,000",,"0","1,800,000","0","0","0","0",,"0","0","0","41,258,000","-221,846,000","3,643,000","128,775,000","45,778,000","-10,374,000","107,000","43,302,000","10,048,000","20,047,000","1,110,000","4,922,000","-4,154,000","17,424,000","14,757,000","795,000","32,842,000","23,140,000","2,597,000","-32,982,000","1,390,000"
NetIncomeCommonStockholders,"133,666,000","-86,781,000","216,276,000","136,832,000","-132,661,000","-75,439,000","-165,932,000","-237,432,000","-545,455,000","235,095,000","-241,721,000","-264,629,000","173,382,000","-9,491,000","149,573,000","55,050,000","33,452,000","86,520,000","408,561,000","11,027,000","61,110,000","68,276,000","-18,421,000","9,485,000","-71,432,000","-180,371,000","-964,647,000","-847,783,000","-397,034,000","-472,000","201,278,000","83,407,000","-18,899,000","-213,000","68,236,000","12,543,000","35,812,000","1,409,000","11,828,000","-7,384,000","30,975,000","26,235,000","1,566,000","58,246,000","41,072,000","4,670,000","35,090,000","16,633,000"
	NetIncome,"133,666,000","-86,781,000","216,276,000","136,832,000","-132,661,000","-75,439,000","-165,932,000","-237,432,000","-545,455,000","235,095,000","-241,721,000","-264,629,000","173,382,000","-9,491,000","149,573,000","55,050,000","33,452,000","86,520,000","408,561,000","11,027,000","61,110,000","68,276,000","-18,421,000","9,485,000","-71,432,000","-180,371,000","-964,647,000","-847,783,000","-397,034,000","-472,000","201,278,000","83,407,000","-18,899,000","-213,000","68,236,000","12,543,000","35,812,000","1,409,000","11,828,000","-7,384,000","30,975,000","26,235,000","1,566,000","58,246,000","41,072,000","4,670,000","35,090,000","16,633,000"
		NetIncomeIncludingNoncontrollingInterests,"133,666,000","-86,781,000","216,276,000","136,832,000","-132,661,000","-75,439,000","-165,932,000","-237,432,000","-545,455,000","235,095,000","-241,721,000","-264,629,000","173,382,000","-9,491,000","149,573,000","55,050,000","33,452,000","86,520,000","408,561,000","11,027,000","61,110,000","68,276,000","-18,421,000","9,485,000","-71,432,000","-180,371,000","-964,647,000","-847,783,000","-397,034,000","-472,000","201,278,000","83,407,000","-18,899,000","-213,000","68,236,000","12,543,000","35,812,000","1,409,000","11,828,000","-7,384,000","30,975,000","26,235,000","1,566,000","58,246,000","41,072,000","4,670,000","35,090,000","16,633,000"
			NetIncomeContinuousOperations,"133,666,000","-86,781,000","216,276,000","136,832,000","-132,661,000","-75,439,000","-165,932,000","-237,432,000","-545,455,000","235,095,000","-241,721,000","-264,629,000","173,382,000","-9,491,000","149,573,000","55,050,000","33,452,000","86,520,000","408,561,000","11,027,000","61,110,000","68,276,000","-18,421,000","9,485,000","-71,432,000","-180,371,000","-964,647,000","-847,783,000","-397,034,000","-472,000","201,278,000","83,407,000","-18,899,000","-213,000","68,329,000","11,817,000","35,294,000","1,137,000","11,828,000","-7,384,000","30,975,000","26,235,000","1,566,000","58,246,000","41,072,000","4,670,000","35,090,000","16,633,000"
			NetIncomeDiscontinuousOperations,,,,,,,,,,,,,,,,,,,,,,,,,,,,,,,"0","0","0","0","-93,000","726,000","518,000","272,000",,,,,,,,,,
DilutedNIAvailtoComStockholders,"133,666,000","-86,781,000","216,276,000","136,832,000","-132,661,000","-75,439,000","-165,932,000","-237,432,000","-545,455,000","235,095,000","-241,721,000","-264,629,000","173,382,000","-9,491,000","149,573,000","55,050,000","33,452,000","86,520,000","408,561,000","11,027,000","61,110,000","68,276,000","-18,421,000","9,485,000","-71,432,000","-180,371,000","-964,647,000","-847,783,000","-397,034,000","-472,000","201,278,000","83,407,000","-18,899,000","-213,000","68,236,000","12,543,000","35,812,000","1,409,000","11,828,000","-7,384,000","30,975,000","26,235,000","1,566,000","58,246,000","41,072,000","4,670,000","35,090,000","16,633,000"
BasicEPS,,"-5.18","13.07","8.68","-10.47","-6.33","-14.18","-20.32","-46.75","20.2","-20.8","-22.8","15","-0.8","13","4.8","2.8","7.2","34.2","1","5.2","5.8","-1.6","0.8","-6.6","-17","-91.4","-80.2","-37.6","-0.058","28.4","11.8","-2.6","-0.03","9.6","1.8","5.6","0.2",,"-1.2","4.8","4.2",,"9.319","6.572","0.747",,
DilutedEPS,,"-5.18","12.84","8.56","-10.47","-6.33","-14.18","-20.32","-46.75","20.2","-20.8","-22.8","15","-0.8","13","4.8","2.8","7.2","34","1","5","5.6","-1.6","0.8","-6.6","-17","-91.4","-80.2","-37.6","-0.058","28","11.6","-2.6","-0.03","9.6","1.8","5.4","0.2",,"-1.2","4.8","4",,"9.319","6.572","0.747",,
BasicAverageShares,,"16,767,000","16,545,000","15,756,000","12,674,000","11,918,000","11,702,000","11,686,000","11,667,000","11,617,550","11,585,900","11,578,100","11,570,300","11,523,800","11,485,000","11,530,250","11,546,650","11,911,400","11,966,600","11,965,300","11,961,550","11,925,250","11,902,350","11,731,950","10,878,200","10,578,000","10,562,750","10,560,200","10,553,900","8,121,300","7,073,200","7,070,650","7,064,900","7,053,350","7,038,300","6,723,050","6,368,100","6,360,000",,"6,350,050","6,346,050","6,340,150",,"6,250,000","6,250,000","6,250,000",,
DilutedAverageShares,,"16,767,000","16,846,000","15,993,000","12,674,000","11,918,000","11,702,000","11,686,000","11,667,000","11,672,900","11,585,900","11,578,100","11,577,850","11,523,800","11,509,500","11,581,950","11,585,300","11,965,950","12,014,450","12,244,350","12,220,850","12,218,950","11,902,350","11,905,400","10,878,200","10,578,000","10,562,750","10,560,200","10,553,900","8,121,300","7,184,700","7,190,650","7,064,900","7,053,350","7,138,950","6,823,000","6,469,200","6,442,550",,"6,350,050","6,411,100","6,399,050",,"6,250,000","6,250,000","6,250,000",,
TotalOperatingIncomeAsReported,"885,988,000","268,456,000","243,449,000","265,736,000","108,347,000","102,803,000","-78,031,000","-167,678,000","-434,052,000","-21,523,000","-170,377,000","-350,439,000","57,828,000","54,397,000","56,123,000","104,410,000","94,767,000","93,192,000","85,833,000","60,452,000","52,061,000","51,326,000","45,460,000","25,492,000","17,874,000","-176,788,000","-1,015,677,000","-927,859,000","-501,480,000","-26,498,000","32,623,000","69,164,000","64,561,000","60,038,000","55,012,000","57,420,000","57,414,000","44,505,000","37,839,000","37,029,000","41,523,000","55,389,000","39,663,000","54,603,000","58,471,000","49,162,000","26,573,000","19,379,000"
TotalExpenses,"872,321,000","263,939,000","226,775,000","208,737,000","172,870,000","147,427,000","156,292,000","145,137,000","133,992,000","200,265,000","165,500,000","140,153,000","148,409,000","154,550,000","159,164,000","175,336,000","256,279,000","166,504,000","154,504,000","145,366,000","134,940,000","137,680,000","138,854,000","134,242,000","127,936,000","122,281,000","161,391,000","171,349,000","194,212,000","170,272,000","200,763,000","131,077,000","118,483,000","113,272,000","98,404,000","113,420,000","119,882,000","119,200,000","114,569,000","107,671,000","99,101,000","94,959,000","99,300,000","77,857,000","73,219,000","57,743,000","58,370,000","40,756,000"
NetIncomeFromContinuingAndDiscontinuedOperation,"133,666,000","-86,781,000","216,276,000","136,832,000","-132,661,000","-75,439,000","-165,932,000","-237,432,000","-545,455,000","235,095,000","-241,721,000","-264,629,000","173,382,000","-9,491,000","149,573,000","55,050,000","33,452,000","86,520,000","408,561,000","11,027,000","61,110,000","68,276,000","-18,421,000","9,485,000","-71,432,000","-180,371,000","-964,647,000","-847,783,000","-397,034,000","-472,000","201,278,000","83,407,000","-18,899,000","-213,000","68,236,000","12,543,000","35,812,000","1,409,000","11,828,000","-7,384,000","30,975,000","26,235,000","1,566,000","58,246,000","41,072,000","4,670,000","35,090,000","16,633,000"
NormalizedIncome,"670,173,319.572","236,034,240","209,897,017.636","137,860,610","95,099,311.607","77,453,650.267","-42,316,720","2,093,550","-48,340,360","-19,992,360","37,655,334.448","38,800,984","54,762,180","39,319,960","40,668,823.636","87,253,780","80,786,000","80,127,000","470,731,096.778","39,459,000","31,408,000","31,819,000","25,632,000","5,421,800","-968,000","-37,032,000","-59,351,000","-389,164,600","-21,919,760","-33,755,800","3,307,747.156","24,518,300","22,265,500","20,104,050","19,022,138.411","18,793,450","19,993,520","12,096,000","9,224,427.701","8,075,810.019","12,712,812.248","26,061,559.207","16,031,435.832","26,744,255.05","29,930,903.383","24,990,637.127","46,710,050","12,427,452.588"
InterestIncome,,,,,,,,,,,,,,,,,"443,000","453,000","278,000","333,000","49,000","145,000","32,000","33,000","11,000","99,000","38,000","92,000","173,000","123,000","-16,000","33,000","194,000","83,000","77,000","59,000","12,000","15,000","15,000","13,000","15,000","16,000","25,000","31,000","22,000","36,000","25,000","28,000"
InterestExpense,"115,465,000","32,477,000","26,712,000","30,406,000","25,870,000","25,946,000","22,431,000","26,828,000","27,072,000","24,970,000","11,933,000","15,191,000","15,765,000","15,547,000","11,462,000","14,845,000","14,424,000","13,518,000","15,819,000","23,697,000","23,173,000","22,720,000","19,082,000","23,077,000","23,512,000","23,705,000","19,244,000","23,348,000","23,970,000","32,414,000","30,059,000","29,361,000","29,463,000","27,857,000","24,156,000","22,295,000","24,623,000","24,045,000","19,851,000","24,423,000","21,674,000","14,684,000","15,518,000","12,810,000","11,736,000","10,516,000","6,613,000","5,941,000"
NetInterestIncome,"-119,916,000","-32,477,000","-31,163,000","-30,406,000","-25,870,000","-25,946,000","-26,139,000","-26,828,000","-27,072,000","-24,970,000","-15,044,000","-15,191,000","-15,765,000","-15,547,000","-15,117,000","-14,845,000","-13,981,000","-13,065,000","-19,509,000","-23,364,000","-23,124,000","-22,575,000","-22,972,000","-23,044,000","-23,501,000","-23,606,000","-23,449,000","-23,256,000","-23,797,000","-32,291,000","-30,997,000","-30,516,000","-30,463,000","-28,903,000","-24,029,000","-24,870,000","-25,931,000","-25,334,000","-24,776,000","-24,410,000","-21,659,000","-14,668,000","-15,493,000","-12,779,000","-11,714,000","-10,480,000","-6,588,000","-5,913,000"
EBIT,"252,661,000","-55,181,000","246,040,000","169,915,000","-108,113,000","-50,255,000","-140,293,000","-213,002,000","-525,556,000","262,482,000","-231,564,000","-251,905,000","190,898,000","5,960,000","163,897,000","71,282,000","47,876,000","100,038,000","426,180,000","34,724,000","84,283,000","90,996,000","661,000","32,562,000","-47,920,000","-156,666,000","-945,403,000","-783,177,000","-594,910,000","35,585,000","360,112,000","158,546,000","190,000","27,751,000","135,787,000","44,160,000","79,964,000","26,292,000","36,601,000","12,885,000","70,073,000","55,676,000","17,879,000","103,898,000","75,948,000","17,783,000","8,721,000","23,964,000"
EBITDA,"519,036,000"
ReconciledCostOfRevenue,"746,008,000","226,233,000","199,583,000","180,271,000","139,921,000","121,084,000","127,306,000","119,401,000","111,035,000","173,053,000","140,993,000","124,713,000","131,442,000","127,220,000","131,717,000","145,789,000","226,790,000","140,673,000","129,772,000","118,923,000","111,495,000","111,057,000","112,260,000","107,254,000","106,574,000","101,986,000","138,290,000","147,837,000","170,411,000","147,838,000","178,495,000","103,557,000","88,509,000","85,203,000","72,921,000","88,665,000","98,977,000","99,172,000","274,441,000","29,210,000","23,702,000","25,641,000","24,920,000","20,182,000","19,103,000","15,868,000","12,984,000","9,261,000"
ReconciledDepreciation,"266,375,000","78,517,000","78,294,000","66,821,000","42,743,000","41,106,000","45,147,000","49,906,000","69,439,000","65,679,000","72,826,000","72,373,000","68,956,000","66,154,000","60,399,000","55,963,000","50,762,000","45,553,000","45,062,000","41,212,000","38,003,000","34,112,000","37,526,000","35,158,000","34,177,000","41,478,000","66,893,000","66,777,000","72,112,000","71,942,000","79,869,000","63,942,000","53,056,000","49,607,000","47,225,000","55,982,000","66,234,000","65,130,000","67,504,000","63,925,000","60,697,000","51,523,000","61,390,000","39,059,000","43,439,000","32,478,000","37,048,000","23,724,000"
NetIncomeFromContinuingOperationNetMinorityInterest,"133,666,000","-86,781,000","216,276,000","136,832,000","-132,661,000","-75,439,000","-165,932,000","-237,432,000","-545,455,000","235,095,000","-241,721,000","-264,629,000","173,382,000","-9,491,000","149,573,000","55,050,000","33,452,000","86,520,000","408,561,000","11,027,000","61,110,000","68,276,000","-18,421,000","9,485,000","-71,432,000","-180,371,000","-964,647,000","-847,783,000","-397,034,000","-472,000","201,278,000","83,407,000","-18,899,000","-213,000","68,329,000","11,817,000","35,294,000","1,137,000","11,828,000","-7,384,000","30,975,000","26,235,000","1,566,000","58,246,000","41,072,000","4,670,000","35,090,000","16,633,000"
TotalUnusualItemsExcludingGoodwill,"-550,676,000","-326,076,000","6,469,000","-1,039,000","-230,030,000","-154,437,000","-169,336,000","-241,945,000","-502,136,000","257,664,000","-281,429,000","-305,877,000","119,818,000","-49,304,000","110,988,000","-32,861,000","-47,334,000","6,393,000","-62,444,000","-28,432,000","29,702,000","36,457,000","-44,053,000","6,772,000","-70,464,000","-143,339,000","-905,296,000","-764,364,000","-586,116,000","55,473,000","324,629,000","90,598,000","-63,330,000","-31,257,000","80,554,000","-10,733,000","23,907,000","-16,860,000","3,687,000","-24,157,000","28,535,000","271,000","-21,809,000","49,264,000","17,418,000","-31,621,000","-17,877,000","4,557,000"
TotalUnusualItems,"-550,676,000","-326,076,000","6,469,000","-1,039,000","-230,030,000","-154,437,000","-169,336,000","-241,945,000","-502,136,000","257,664,000","-281,429,000","-305,877,000","119,818,000","-49,304,000","110,988,000","-32,861,000","-47,334,000","6,393,000","-62,444,000","-28,432,000","29,702,000","36,457,000","-44,053,000","6,772,000","-70,464,000","-143,339,000","-905,296,000","-764,364,000","-586,116,000","55,473,000","324,629,000","90,598,000","-63,330,000","-31,257,000","80,554,000","-10,733,000","23,907,000","-16,860,000","3,687,000","-24,157,000","28,535,000","271,000","-21,809,000","49,264,000","17,418,000","-31,621,000","-17,877,000","4,557,000"
NormalizedEBITDA,"1,069,712,000","349,412,000","317,865,000","237,775,000","164,660,000","145,288,000","74,190,000","78,849,000","46,019,000","70,497,000","122,691,000","126,345,000","140,036,000","121,418,000","113,308,000","160,106,000","145,972,000","139,198,000","533,686,000","104,368,000","92,584,000","88,651,000","82,240,000","60,948,000","56,721,000","28,151,000","26,786,000","47,964,000","63,318,000","52,054,000","115,352,000","131,890,000","116,576,000","108,615,000","102,458,000","110,875,000","122,291,000","108,282,000","100,418,000","100,967,000","102,235,000","106,928,000","101,078,000","93,693,000","101,969,000","81,882,000","63,646,000","43,131,000"
TaxRateForCalcs,"0.026","0.01","0.014","0.01","0.01","0.01","0.27","0.01","0.01","0.01","0.007","0.008","0.01","0.01","0.019","0.02","0","0","0.004","0","0","0","0","0.4","0","0","0","0.4","0.36","0.4","0.39","0.35","0.35","0.35","0.388","0.35","0.36","0.35","0.294","0.36","0.36","0.36","0.337","0.361","0.36","0.357","0.35","0.077"
TaxEffectOfUnusualItems,"-14,168,680.428","-3,260,760","90,017.636","-10,390","-2,269,688.393","-1,544,349.733","-45,720,720","-2,419,450","-5,021,360","2,576,640","-2,052,665.552","-2,447,016","1,198,180","-493,040","2,083,823.636","-657,220","0","0","-273,903.222","0","0","0","0","2,708,800","0","0","0","-305,745,600","-211,001,760","22,189,200","126,658,747.156","31,709,300","-22,165,500","-10,939,950","31,247,138.411","-3,756,550","8,606,520","-5,901,000","1,083,427.701","-8,697,189.981","10,272,812.248","97,559.207","-7,343,564.168","17,762,255.05","6,276,903.383","-11,300,362.873","-6,256,950","351,452.588"