name,ttm,03/31/2022,12/31/2021,09/30/2021,06/30/2021,03/31/2021,12/31/2020,09/30/2020,06/30/2020,03/31/2020,12/31/2019,09/30/2019,06/30/2019,03/31/2019,12/31/2018,09/30/2018,06/30/2018,03/31/2018,12/31/2017,09/30/2017,06/30/2017,03/31/2017,12/31/2016,09/30/2016,06/30/2016,03/31/2016,12/31/2015,09/30/2015,06/30/2015,03/31/2015,12/31/2014,09/30/2014,06/30/2014,03/31/2014,12/31/2013,09/30/2013,06/30/2013,03/31/2013,12/31/2012,09/30/2012,06/30/2012,03/31/2012,12/31/2011,09/30/2011,06/30/2011,03/31/2011,12/31/2010,09/30/2010,06/30/2010,03/31/2010,12/31/2009,09/30/2009,06/30/2009,03/31/2009,12/31/2008,09/30/2008,06/30/2008,03/31/2008,12/31/2007,09/30/2007,06/30/2007,03/31/2007,12/31/2006,09/30/2006,06/30/2006,03/31/2006,12/31/2005,09/30/2005,06/30/2005,03/31/2005,03/31/2004
TotalRevenue,"0","0","0","0","0","0","0","0","0","0","0","0","0","0","0","0","0","0","0","0","0","0","0","0","0","0","0","0","0","0","0","0","0","0","0","0","0","0","0","0","0","147,000","3,423,000","1,664,000","1,354,000","1,143,000","4,037,000","3,383,000","3,360,000","4,023,000","4,680,000","130,405,000","4,650,000","4,510,000","636,000","1,272,000","1,338,000","1,338,000",,,,,,,,,,,,,"173,000"
	OperatingRevenue,"0","0","0","0","0","0","0","0","0","0","0","0","0","0","0","0","0","0","0","0","0","0","0","0","0","0","0","0","0","0","0","0","0","0","0","0","0","0","-147,000","0","0","147,000","3,423,000","1,664,000","1,354,000","1,143,000","4,037,000","3,383,000","3,360,000","4,023,000","4,680,000","130,405,000","4,650,000","4,510,000","636,000","1,272,000","1,338,000","1,338,000",,,,,,,,,,,,,"173,000"
CostOfRevenue,,,,,,,,,,,,,,,,,,,,,,,,,,,,,,,,,,,"0",,,,,"0","0","0","0","0","0","0","0","0","0","0","0","0","0","0",,,"1,969,000",,,,,,,,,,,,,,
GrossProfit,,,,,,,,,,,,,,,,,,,,,,,,,,,,,,,,,,,"0",,,,,"0","0","147,000","3,423,000","1,664,000","1,354,000","1,143,000","4,037,000","3,383,000","3,360,000","4,023,000","4,680,000","130,405,000","4,650,000","4,510,000",,"1,272,000","-631,000",,,,,,,,,,,,,,
OperatingExpense,"247,090,000","57,587,000","64,601,000","63,160,000","61,742,000","52,979,000","59,555,000","58,786,000","50,327,000","38,005,000","29,954,000","24,195,000","22,704,000","18,119,000","14,454,000","11,333,000","7,826,000","7,069,000","8,911,000","8,637,000","8,439,000","6,075,000","7,755,794","14,090,518","3,489,000","6,447,000","10,380,000","17,394,000","19,504,000","20,332,000","19,894,000","19,449,000","21,701,000","22,907,000","23,444,000","21,794,000","22,063,000","20,258,000","17,703,000","14,539,000","14,134,000","14,712,000","13,662,000","13,882,000","13,363,000","12,109,000","12,402,000","13,614,000","12,404,000","13,281,000","11,660,000","12,233,000","13,103,000","26,709,000","26,501,000","27,723,000","22,316,000","19,783,000","17,086,000","15,394,000","17,466,000","17,012,000","13,005,000","15,382,000",,,,,,"18,498,000","5,625,000"
	SellingGeneralAndAdministration,"39,767,000","9,658,000","11,712,000","8,287,000","10,110,000","7,209,000","6,126,000","5,494,000","5,639,000","4,605,000","5,044,000","4,748,000","7,110,000","5,746,000","5,583,000","5,122,000","2,717,000","1,871,000","2,399,000","1,955,000","1,623,000","1,695,000","2,231,813","6,285,597","3,592,000","3,040,000","3,134,000","2,981,000","3,127,000","4,150,000","4,241,000","3,241,000","2,940,000","5,324,000","3,463,000","4,171,000","4,187,000","3,878,000","3,352,000","2,796,000","2,882,000","2,646,000","2,803,000","3,131,000","2,946,000","2,673,000","3,056,000","2,591,000","2,716,000","3,086,000","2,427,000","3,149,000","3,005,000","4,070,000","3,470,000","3,665,000","3,974,000","3,633,000","3,752,000","3,852,000","3,853,000","3,468,000","2,477,000","2,057,000",,,,,,"2,280,000",
		GeneralAndAdministrativeExpense,"39,767,000","9,658,000","11,712,000","8,287,000","10,110,000","7,209,000","6,126,000","5,494,000","5,639,000","4,605,000","5,044,000","4,748,000","7,110,000","5,746,000","5,583,000","5,122,000","2,717,000","1,871,000","2,399,000","1,955,000","1,623,000","1,695,000","2,231,813","6,285,597","3,592,000","3,040,000","3,134,000","2,981,000","3,127,000","4,150,000","4,241,000","3,241,000","2,940,000","5,324,000","3,463,000","4,171,000","4,187,000","3,878,000",,,,,,,,,,,,,,"3,149,000",,,,,,,,,,,,,,,,,,,
			OtherGandA,"39,767,000","9,658,000","11,712,000","8,287,000","10,110,000","7,209,000","6,126,000","5,494,000","5,639,000","4,605,000","5,044,000","4,748,000","7,110,000","5,746,000","5,583,000","5,122,000","2,717,000","1,871,000","2,399,000","1,955,000","1,623,000","1,695,000","2,231,813","6,285,597","3,592,000","3,040,000","3,134,000","2,981,000","3,127,000","4,150,000","4,241,000","3,241,000","2,940,000","5,324,000","3,463,000","4,171,000","4,187,000","3,878,000",,,,,,,,,,,,,,,,,,,,,,,,,,,,,,,,,
	ResearchAndDevelopment,"207,323,000","47,929,000","52,889,000","54,873,000","51,632,000","45,770,000","53,429,000","53,292,000","44,688,000","33,400,000","24,910,000","19,447,000","15,594,000","12,373,000","8,871,000","6,211,000","5,109,000","5,198,000","6,512,000","6,682,000","6,816,000","4,380,000","5,523,981","7,804,921","-103,000","3,407,000","7,246,000","14,413,000","16,377,000","16,182,000","15,653,000","16,208,000","18,761,000","17,583,000","19,981,000","17,623,000","17,876,000","16,380,000","14,351,000","11,743,000","11,252,000","12,066,000","10,859,000","10,751,000","10,417,000","9,436,000","9,346,000","11,023,000","9,688,000","10,195,000","9,233,000","9,084,000","10,098,000","22,639,000","23,031,000","24,058,000","18,342,000","16,150,000","13,334,000","11,542,000","13,613,000","13,544,000","10,528,000","13,325,000",,,,,,"16,218,000","5,625,000"
OperatingIncome,"-247,090,000","-57,587,000","-64,601,000","-63,160,000","-61,742,000","-52,979,000","-59,555,000","-58,786,000","-50,327,000","-38,005,000","-29,954,000","-24,195,000","-22,704,000","-18,119,000","-14,454,000","-11,333,000","-7,826,000","-7,069,000","-8,911,000","-8,637,000","-8,439,000","-6,075,000","-7,755,794","-14,090,518","-3,489,000","-6,447,000","-10,380,000","-17,394,000","-19,504,000","-20,332,000","-19,894,000","-19,449,000","-21,701,000","-22,907,000","-23,444,000","-21,794,000","-22,063,000","-20,258,000","-17,703,000","-14,539,000","-14,134,000","-14,565,000","-10,239,000","-12,218,000","-12,009,000","-10,966,000","-8,365,000","-10,231,000","-9,044,000","-9,258,000","-6,980,000","118,172,000","-8,453,000","-22,199,000","-25,865,000","-26,451,000","-22,947,000","-18,445,000","-16,343,000","-15,394,000","-17,466,000","-17,012,000","-13,005,000","-15,382,000",,,,,,"-18,498,000","-5,452,000"
NetNonOperatingInterestIncomeExpense,"272,000","69,000","52,000","60,000","91,000","160,000","432,000","823,000","1,204,000","1,870,000","2,214,000","2,766,000","3,005,000","3,039,000","2,979,000","2,821,000","1,166,000","705,000","216,000","174,000","92,000","76,000","6,525","41,778","19,000","-77,000","-156,000","-234,000","-296,000","-375,000","-458,000","-517,000","-585,000","-650,000","-718,000","-721,000","-724,000","-470,000","-420,000","-457,000","-486,000","-486,000","-504,000","-516,000","-493,000","-435,000",,,,,"-57,000","-53,000","-42,000","-64,000",,,,,,,,,,,,,,,,,
	InterestIncomeNonOperating,"272,000","69,000","52,000","60,000","91,000","160,000","432,000","823,000","1,204,000","1,870,000","2,214,000","2,766,000","3,005,000","3,039,000","2,979,000","2,821,000","1,166,000","705,000","216,000","174,000","92,000","76,000","7,000","41,778","19,000",,,,,,,,,,,,,,,,,,,,,,,,,,"0","17,000","43,000","36,000",,,,,,,,,,,,,,,,,
	InterestExpenseNonOperating,,,,,,,,,,,"2,214,000",,,,"2,979,000",,,,"0","0","0","0","41,778","41,778",,"77,000","156,000","234,000","296,000","375,000","458,000","517,000","585,000","650,000","718,000","721,000","724,000","470,000","420,000","457,000",,,"504,000","516,000","493,000","435,000",,,,,"57,000","70,000","85,000","100,000",,,,,,,,,,,,,,,,,
	TotalOtherFinanceCost,,,,,,,,,"-1,204,000",,,,,,,,,,,,,,,,,,,,,,,,,,"718,000",,,,,,"486,000","486,000",,,,,,,,,,,,,,,,,,,,,,,,,,,,,
OtherIncomeExpense,,,"0",,,"273,000","0",,"100,000",,,,,,"0",,"200,000",,"250,000","100,000",,,,,"91,000",,,,,,,,,,"0",,,,,,,,,,,,,"-31,000","-30,000","-50,000","0",,,"-1,236,000",,"130,000","253,000","795,000","819,000","519,000","725,000","657,000","518,000","454,000",,,,,,"641,000","-1,583,000"
	SpecialIncomeCharges,,,,,,,,,,,,,,,,,,,,"100,000",,,,,"91,000",,,,,,,,,,,,,,,,,,,,,,"111,000","-31,000","-30,000","-50,000","0","0","0","-1,236,000",,"130,000","253,000","795,000","819,000","519,000","725,000","657,000","518,000","454,000",,,,,,"641,000","-1,583,000"
		RestructuringAndMergernAcquisition,,,,,,,,,,,,,,,,,,,,,,,,,,,,,,,,,,,,,,,,,,,,,,,"0","0","0","0","0","0","0","1,236,000",,,,,,,,,,,,,,,,,
		OtherSpecialCharges,,,,,,,,,,,,,,,,,,,,"-100,000",,,,,,,,,,,,,,,,,,,,,,,,,,,,"31,000","30,000","50,000",,,,,,,,,,,,,,,,,,,,,
		GainOnSaleOfPPE,,,,,,,,,,,,,,,,,,,,,,,,,"91,000",,,,,,,,,,,,,,,,,,,,,,,,,,,,,,,,,,,,,,,,,,,,,,
	OtherNonOperatingIncomeExpenses,,,"0",,,"273,000","0",,"100,000",,,,,,"0",,"200,000",,"250,000","100,000",,,,,,,,,,,,,,,,,,,,,,,,,,,,,,,,,,,,,,,,,,,,,,,,,,,
PretaxIncome,"-246,818,000","-57,518,000","-64,549,000","-63,100,000","-61,651,000","-52,546,000","-59,123,000","-57,963,000","-49,023,000","-36,135,000","-27,740,000","-21,429,000","-19,699,000","-15,080,000","-11,475,000","-8,512,000","-6,460,000","-6,364,000","-8,445,000","-8,363,000","-8,347,000","-5,999,000","-7,749,269","-14,048,740","-3,379,000","-6,524,000","-10,536,000","-17,628,000","-19,800,000","-20,707,000","-20,352,000","-19,966,000","-22,286,000","-23,557,000","-24,162,000","-22,515,000","-22,787,000","-20,728,000",,,,,,,,,,,,,,,,,,,,,,,,,,,,,,,,,
NetIncomeCommonStockholders,"-246,818,000","-57,518,000","-64,549,000","-63,100,000","-61,651,000","-52,546,000","-59,123,000","-57,963,000","-49,023,000","-36,135,000","-27,740,000","-21,429,000","-19,699,000","-15,080,000","-11,475,000","-8,512,000","-6,460,000","-6,364,000","-8,445,000","-8,363,000","-8,347,000","-5,999,000","-7,749,269","-14,048,740","-3,379,000","-6,524,000","-10,536,000","-17,628,000","-19,800,000","-20,707,000","-20,352,000","-19,966,000","-22,286,000","-23,557,000","-24,162,000","-22,515,000","-22,787,000","-20,728,000","-18,123,000","-14,996,000","-14,620,000","-15,051,000","-10,743,000","-12,734,000","-12,502,000","-11,401,000","-8,823,000","-10,262,000","-9,074,000","-9,308,000","-7,037,000","118,119,000","-8,495,000","-23,499,000","-25,953,000","-26,321,000","-22,694,000","-17,650,000","-15,524,000","-14,875,000","-16,741,000","-74,940,000","-13,294,000","-15,279,000","-15,279,000","-15,279,000","-15,492,000","-26,686,000","-26,686,000","-17,857,000","-8,757,000"
	NetIncome,"-246,818,000","-57,518,000","-64,549,000","-63,100,000","-61,651,000","-52,546,000","-59,123,000","-57,963,000","-49,023,000","-36,135,000","-27,740,000","-21,429,000","-19,699,000","-15,080,000","-11,475,000","-8,512,000","-6,460,000","-6,364,000","-8,445,000","-8,363,000","-8,347,000","-5,999,000","-7,749,269","-14,048,740","-3,379,000","-6,524,000","-10,536,000","-17,628,000","-19,800,000","-20,707,000","-20,352,000","-19,966,000","-22,286,000","-23,557,000","-24,162,000","-22,515,000","-22,787,000","-20,728,000","-18,123,000","-14,996,000","-14,620,000","-15,051,000","-10,743,000","-12,734,000","-12,502,000","-11,401,000","-8,823,000","-10,262,000","-9,074,000","-9,308,000","-7,037,000","118,119,000","-8,495,000","-23,499,000","-25,953,000","-26,321,000","-22,694,000","-17,650,000","-15,524,000","-14,875,000","-16,741,000","-16,355,000","-12,487,000","-14,928,000","-14,928,000","-14,928,000","-15,492,000","-26,686,000","-26,686,000","-17,857,000","-8,757,000"
		NetIncomeIncludingNoncontrollingInterests,"-246,818,000","-57,518,000","-64,549,000","-63,100,000","-61,651,000","-52,546,000","-59,123,000","-57,963,000","-49,023,000","-36,135,000","-27,740,000","-21,429,000","-19,699,000","-15,080,000","-11,475,000","-8,512,000","-6,460,000","-6,364,000","-8,445,000","-8,363,000","-8,347,000","-5,999,000","-7,749,269","-14,048,740","-3,379,000","-6,524,000","-10,536,000","-17,628,000","-19,800,000","-20,707,000","-20,352,000","-19,966,000","-22,286,000","-23,557,000","-24,162,000","-22,515,000","-22,787,000","-20,728,000","-18,123,000","-14,996,000","-14,620,000","-15,051,000","-10,743,000","-12,734,000","-12,502,000","-11,401,000","-8,823,000","-10,262,000","-9,074,000","-9,308,000","-7,037,000","118,119,000","-8,495,000","-23,499,000","-25,953,000","-26,321,000","-22,694,000","-17,650,000","-15,524,000","-14,875,000","-16,741,000","-16,355,000","-12,487,000","-14,928,000","-14,928,000","-14,928,000","-15,492,000","-26,686,000","-26,686,000","-17,857,000","-8,757,000"
			NetIncomeContinuousOperations,"-246,818,000","-57,518,000","-64,549,000","-63,100,000","-61,651,000","-52,546,000","-59,123,000","-57,963,000","-49,023,000","-36,135,000","-27,740,000","-21,429,000","-19,699,000","-15,080,000","-11,475,000","-8,512,000","-6,460,000","-6,364,000","-8,445,000","-8,363,000","-8,347,000","-5,999,000","-7,749,269","-14,048,740","-3,379,000","-6,524,000","-10,536,000","-17,628,000","-19,800,000","-20,707,000","-20,352,000","-19,966,000","-22,286,000","-23,557,000","-24,162,000","-22,515,000","-22,787,000","-20,728,000","-18,123,000","-14,996,000","-14,620,000","-15,051,000","-10,743,000","-12,734,000","-12,502,000","-11,401,000","-8,823,000","-10,262,000","-9,074,000","-9,308,000","-7,037,000","118,119,000","-8,495,000","-23,499,000","-25,953,000","-26,321,000","-22,694,000","-17,650,000","-15,524,000","-14,875,000","-16,741,000","-16,355,000","-12,487,000","-14,928,000","-14,928,000","-14,928,000","-15,492,000","-26,686,000","-26,686,000","-17,857,000","-8,757,000"
	PreferredStockDividends,,,,,,,,,,,,,,,,,,,,,,,,,,,,,,,,,,,,,,,,,,,,,,,,,,,,,,,,,,,"0",,,"58,585,000","807,000","351,000","351,000","351,000",,,,,
DilutedNIAvailtoComStockholders,"-246,818,000","-57,518,000","-64,549,000","-63,100,000","-61,651,000","-52,546,000","-59,123,000","-57,963,000","-49,023,000","-36,135,000","-27,740,000","-21,429,000","-19,699,000","-15,080,000","-11,475,000","-8,512,000","-6,460,000","-6,364,000","-8,445,000","-8,363,000","-8,347,000","-5,999,000","-7,749,269","-14,048,740","-3,379,000","-6,524,000","-10,536,000","-17,628,000","-19,800,000","-20,707,000","-20,352,000","-19,966,000","-22,286,000","-23,557,000","-24,162,000","-22,515,000","-22,787,000","-20,728,000","-18,123,000","-14,996,000","-14,620,000","-15,051,000","-10,743,000","-12,734,000","-12,502,000","-11,401,000","-8,823,000","-10,262,000","-9,074,000","-9,308,000","-7,037,000","118,119,000","-8,495,000","-23,499,000","-25,953,000","-26,321,000","-22,694,000","-17,650,000","-15,524,000","-14,875,000","-16,741,000","-74,940,000","-13,294,000","-15,279,000","-15,279,000","-15,279,000","-15,492,000","-26,686,000","-26,686,000","-17,857,000","-8,757,000"
BasicEPS,,"-3.36","-3.78","-3.79","-3.72","-3.32","-3.82","-3.75","-3.18","-2.34","-1.8","-1.39","-1.28","-0.98","-0.75","-0.56","-0.45","-0.45","-0.67","-0.68","-0.69","-0.5","-0.67","-1.34","-0.7","-1.75",,"-4.55","-5.25","-6.65",,"-6.65","-8.4","-9.8",,"-11.55","-11.55","-10.5",,"-8.75","-8.75","-9.45",,"-10.5","-10.5","-9.45",,"-8.75","-7.7","-8.4",,"122.152","-8.75","-24.15",,"-27.3","-23.45","-18.2",,"-15.75","-17.5","-92.051",,"-24.035","-24.035","-24.035",,"-42.001","-42.001","-19.25","-11.55"
DilutedEPS,,"-3.36","-3.78","-3.79","-3.72","-3.32","-3.82","-3.75","-3.18","-2.34","-1.8","-1.39","-1.28","-0.98","-0.75","-0.56","-0.45","-0.45","-0.67","-0.68","-0.69","-0.5","-0.67","-1.34","-0.7","-1.75",,"-4.55","-5.25","-6.65",,"-6.65","-8.4","-9.8",,"-11.55","-11.55","-10.5",,"-8.75","-8.75","-9.45",,"-10.5","-10.5","-9.45",,"-8.75","-7.7","-8.4",,"121.802","-8.75","-24.15",,"-27.3","-23.45","-18.2",,"-15.75","-17.5","-92.051",,"-24.035","-24.035","-24.035",,"-42.001","-42.001","-19.25","-11.55"
BasicAverageShares,,"17,103,395","17,074,543","16,639,776","16,571,322","15,840,401","15,475,291","15,448,425","15,433,348","15,429,154","15,429,154","15,415,096","15,368,986","15,364,465","15,348,358","15,307,872","14,383,720","14,127,868","12,597,864","12,378,622","12,039,005","11,955,739","11,509,791","10,462,182","3,925,570","3,924,577",,"3,884,843","3,779,826","3,096,418",,"3,022,096","2,686,996","2,441,052",,"1,972,746","1,972,393","1,971,152",,"1,733,166","1,647,129","1,610,461",,"1,206,034","1,204,745","1,200,233",,"1,153,778","1,152,630","1,127,171",,"968,064","967,901","967,757",,"963,885","963,800","963,706",,"954,075","953,988","814,249",,"636,093","636,093","636,093",,"635,762","635,762","924,470","751,922"
DilutedAverageShares,,"17,103,395","17,074,543","16,639,776","16,571,322","15,840,401","15,475,291","15,448,425","15,433,348","15,429,154","15,429,154","15,415,096","15,368,986","15,364,465","15,348,358","15,307,872","14,383,720","14,127,868","12,597,864","12,378,622","12,039,005","11,955,739","11,509,791","10,462,182","3,925,570","3,924,577",,"3,884,843","3,779,826","3,096,418",,"3,022,096","2,686,996","2,441,052",,"1,972,746","1,972,393","1,971,152",,"1,733,166","1,647,129","1,610,461",,"1,206,034","1,204,745","1,200,233",,"1,153,778","1,152,630","1,127,171",,"968,695","967,901","967,757",,"963,885","963,800","963,706",,"954,075","953,988","814,249",,"636,093","636,093","636,093",,"635,762","635,762","924,470","751,922"
TotalOperatingIncomeAsReported,"-247,090,000","-57,587,000","-64,601,000","-63,160,000","-61,742,000","-52,979,000","-59,555,000","-58,786,000","-50,327,000","-38,005,000","-29,954,000","-24,195,000","-22,704,000","-18,119,000","-14,454,000","-11,333,000","-7,826,000","-7,069,000","-8,911,000","-8,637,000","-8,439,000","-6,075,000","-7,755,794","-14,090,518","-3,489,000","-6,447,000","-10,380,000","-17,394,000","-19,504,000","-20,332,000","-19,894,000","-19,449,000","-21,701,000","-22,907,000","-23,444,000","-21,794,000","-22,063,000","-20,258,000","-17,703,000","-14,539,000","-14,134,000","-14,565,000","-10,239,000","-12,218,000","-12,009,000","-10,966,000","-8,365,000","-10,231,000","-9,044,000","-9,258,000","-6,980,000","118,172,000","-8,453,000","-23,435,000","-25,865,000","-26,451,000","-22,947,000","-18,445,000","-16,343,000","-15,394,000","-17,466,000","-17,012,000","-13,005,000","-15,382,000",,,,,,"-18,498,000","-8,969,000"
TotalExpenses,"247,090,000","57,587,000","64,601,000","63,160,000","61,742,000","52,979,000","59,555,000","58,786,000","50,327,000","38,005,000","29,954,000","24,195,000","22,704,000","18,119,000","14,454,000","11,333,000","7,826,000","7,069,000","8,911,000","8,637,000","8,439,000","6,075,000","7,755,794","14,090,518","3,489,000","6,447,000","10,380,000","17,394,000","19,504,000","20,332,000","19,894,000","19,449,000","21,701,000","22,907,000","23,444,000","21,794,000","22,063,000","20,258,000","17,703,000","14,539,000","14,134,000","14,712,000","13,662,000","13,882,000","13,363,000","12,109,000","12,402,000","13,614,000","12,404,000","13,281,000","11,660,000","12,233,000","13,103,000","26,709,000","26,501,000","27,723,000","24,285,000","19,783,000","17,086,000","15,394,000","17,466,000","17,012,000","13,005,000","15,382,000",,,,,,"18,498,000","5,625,000"
NetIncomeFromContinuingAndDiscontinuedOperation,"-246,818,000","-57,518,000","-64,549,000","-63,100,000","-61,651,000","-52,546,000","-59,123,000","-57,963,000","-49,023,000","-36,135,000","-27,740,000","-21,429,000","-19,699,000","-15,080,000","-11,475,000","-8,512,000","-6,460,000","-6,364,000","-8,445,000","-8,363,000","-8,347,000","-5,999,000","-7,749,269","-14,048,740","-3,379,000","-6,524,000","-10,536,000","-17,628,000","-19,800,000","-20,707,000","-20,352,000","-19,966,000","-22,286,000","-23,557,000","-24,162,000","-22,515,000","-22,787,000","-20,728,000","-18,123,000","-14,996,000","-14,620,000","-15,051,000","-10,743,000","-12,734,000","-12,502,000","-11,401,000","-8,823,000","-10,262,000","-9,074,000","-9,308,000","-7,037,000","118,119,000","-8,495,000","-23,499,000","-25,953,000","-26,321,000","-22,694,000","-17,650,000","-15,524,000","-14,875,000","-16,741,000","-16,355,000","-12,487,000","-14,928,000","-14,928,000","-14,928,000","-15,492,000","-26,686,000","-26,686,000","-17,857,000","-8,757,000"
NormalizedIncome,"-246,818,000","-57,518,000","-64,549,000","-63,100,000","-61,651,000","-52,546,000","-59,123,000","-57,963,000","-49,023,000","-36,135,000","-27,740,000","-21,429,000","-19,699,000","-15,080,000","-11,475,000","-8,512,000","-6,460,000","-6,364,000","-8,445,000","-8,363,000","-8,347,000","-5,999,000","-7,749,269","-14,048,740","-3,470,000","-6,524,000","-10,536,000","-17,628,000","-19,800,000","-20,707,000","-20,352,000","-19,966,000","-22,286,000","-23,557,000","-24,162,000","-22,515,000","-22,787,000","-20,728,000","-18,123,000","-14,996,000","-14,620,000","-15,051,000","-10,743,000","-12,734,000","-12,502,000","-11,401,000","-8,895,150","-10,241,850","-9,054,500","-9,275,500","-7,037,000","118,119,000","-8,495,000","-22,695,600","-25,953,000","-26,405,500","-22,858,450","-18,166,750","-16,056,350","-15,212,350","-17,212,250","-16,782,050","-12,797,800","-15,200,400","-14,928,000","-14,928,000","-15,492,000","-26,686,000","-26,686,000","-18,241,600","-7,807,200"
InterestIncome,"272,000","69,000","52,000","60,000","91,000","160,000","432,000","823,000","1,204,000","1,870,000","2,214,000","2,766,000","3,005,000","3,039,000","2,979,000","2,821,000","1,166,000","705,000","216,000","174,000","92,000","76,000","7,000","41,778","19,000",,,,,,,,,,,,,,,,,,,,,,,,,,"0","17,000","43,000","36,000",,,,,,,,,,,,,,,,,
InterestExpense,,,,,,,,,,,"2,214,000",,,,"2,979,000",,,,"0","0","0","0","41,778","41,778",,"77,000","156,000","234,000","296,000","375,000","458,000","517,000","585,000","650,000","718,000","721,000","724,000","470,000","420,000","457,000",,,"504,000","516,000","493,000","435,000",,,,,"57,000","70,000","85,000","100,000",,,,,,,,,,,,,,,,,
NetInterestIncome,"272,000","69,000","52,000","60,000","91,000","160,000","432,000","823,000","1,204,000","1,870,000","2,214,000","2,766,000","3,005,000","3,039,000","2,979,000","2,821,000","1,166,000","705,000","216,000","174,000","92,000","76,000","6,525","41,778","19,000","-77,000","-156,000","-234,000","-296,000","-375,000","-458,000","-517,000","-585,000","-650,000","-718,000","-721,000","-724,000","-470,000","-420,000","-457,000","-486,000","-486,000","-504,000","-516,000","-493,000","-435,000",,,,,"-57,000","-53,000","-42,000","-64,000",,,,,,,,,,,,,,,,,
EBIT,"-247,090,000","-57,587,000","-64,601,000","-63,160,000","-61,742,000","-52,979,000","-59,555,000","-58,786,000","-50,327,000","-38,005,000","-29,954,000","-24,195,000","-22,704,000","-18,119,000","-6,583,000","-11,333,000","-7,826,000","-7,069,000","-8,445,000","-8,363,000","-8,347,000","-5,999,000","-7,707,491","-14,090,518","-3,489,000","-6,447,000","-10,380,000","-17,394,000","-19,504,000","-20,332,000","-19,894,000","-19,449,000","-21,701,000","-22,907,000","-23,444,000","-21,794,000","-22,063,000","-20,258,000","-17,703,000","-14,539,000","-14,134,000","-14,565,000","-10,239,000","-12,218,000","-12,009,000","-10,966,000","-8,365,000","-10,231,000","-9,044,000","-9,258,000","-6,980,000","118,172,000","-8,453,000","-22,199,000","-25,865,000","-26,451,000","-22,947,000","-18,445,000","-16,343,000","-15,394,000","-17,466,000","-17,012,000","-13,005,000","-15,382,000",,,,,,"-18,498,000","-5,452,000"
EBITDA,"-246,691,000"
ReconciledCostOfRevenue,,,,,,,,,,,,,,,,,,,,,,,,,,,,,,,,,,,"0",,,,,"0","0","0","0","0","0","0","0","0","0","0","0","0","0","0",,,"1,969,000",,,,,,,,,,,,,,
ReconciledDepreciation,"399,000","107,000","106,000","97,000","89,000","113,000","116,000","115,000","115,000","125,000","28,000","28,000","28,000","28,000","25,000","24,000","24,000","23,000","60,000","9,000",,,,,"96,000","46,000","159,000","166,000","168,000","169,000","169,000","167,000","169,000","168,000","143,000","148,000","125,000","100,000","115,000","170,000","223,000","230,000","291,000","350,000","384,000","439,000","463,000","473,000","482,000","515,000","515,000","604,000","651,000","693,000","682,000","729,000","628,000","678,000","879,000","826,000","848,000","798,000","827,000",,,,,,,"430,000",
NetIncomeFromContinuingOperationNetMinorityInterest,"-246,818,000","-57,518,000","-64,549,000","-63,100,000","-61,651,000","-52,546,000","-59,123,000","-57,963,000","-49,023,000","-36,135,000","-27,740,000","-21,429,000","-19,699,000","-15,080,000","-11,475,000","-8,512,000","-6,460,000","-6,364,000","-8,445,000","-8,363,000","-8,347,000","-5,999,000","-7,749,269","-14,048,740","-3,379,000","-6,524,000","-10,536,000","-17,628,000","-19,800,000","-20,707,000","-20,352,000","-19,966,000","-22,286,000","-23,557,000","-24,162,000","-22,515,000","-22,787,000","-20,728,000","-18,123,000","-14,996,000","-14,620,000","-15,051,000","-10,743,000","-12,734,000","-12,502,000","-11,401,000","-8,823,000","-10,262,000","-9,074,000","-9,308,000","-7,037,000","118,119,000","-8,495,000","-23,499,000","-25,953,000","-26,321,000","-22,694,000","-17,650,000","-15,524,000","-14,875,000","-16,741,000","-16,355,000","-12,487,000","-14,928,000","-14,928,000","-14,928,000","-15,492,000","-26,686,000","-26,686,000","-17,857,000","-8,757,000"
TotalUnusualItemsExcludingGoodwill,,,,,,,,,,,,,,,,,,,,"100,000",,,,,"91,000",,,,,,,,,,,,,,,,,,,,,,"111,000","-31,000","-30,000","-50,000","0","0","0","-1,236,000",,"130,000","253,000","795,000","819,000","519,000","725,000","657,000","518,000","454,000",,,,,,"641,000","-1,583,000"
TotalUnusualItems,,,,,,,,,,,,,,,,,,,,"100,000",,,,,"91,000",,,,,,,,,,,,,,,,,,,,,,"111,000","-31,000","-30,000","-50,000","0","0","0","-1,236,000",,"130,000","253,000","795,000","819,000","519,000","725,000","657,000","518,000","454,000",,,,,,"641,000","-1,583,000"
NormalizedEBITDA,"-246,691,000","-57,480,000","-64,495,000","-63,063,000","-61,653,000","-52,866,000","-59,439,000","-58,671,000","-50,212,000","-37,880,000","-29,926,000","-24,167,000","-22,676,000","-18,091,000","-6,558,000","-11,309,000","-7,802,000","-7,046,000","-8,385,000","-8,354,000","-8,347,000","-5,999,000","-7,707,491","-14,090,518","-3,484,000","-6,401,000","-10,221,000","-17,228,000","-19,336,000","-20,163,000","-19,725,000","-19,282,000","-21,532,000","-22,739,000","-23,301,000","-21,646,000","-21,938,000","-20,158,000","-17,588,000","-14,369,000","-13,911,000","-14,335,000","-9,948,000","-11,868,000","-11,625,000","-10,527,000","-8,013,000","-9,727,000","-8,532,000","-8,693,000","-6,465,000","118,776,000","-7,802,000","-20,270,000","-25,183,000","-25,852,000","-22,572,000","-18,562,000","-16,283,000","-15,087,000","-17,343,000","-16,871,000","-12,696,000","-15,836,000",,,,,,"-18,709,000","-3,869,000"
TaxRateForCalcs,"0","0","0","0","0","0","0","0","0","0","0","0","0","0","0","0","0","0","0","0","0","0","0","0","0","0","0","0","0","0","0","0","0","0","0","0","0","0","0.35","0.35","0.35","0.35","0.35","0.35","0.35","0.35","0.35","0.35","0.35","0.35","0.35","0.35","0.35","0.35","0.35","0.35","0.35","0.35","0.35","0.35","0.35","0.35","0.4","0.4","0.4","0.4","0.4","0.4","0.4","0.4","0.4"
TaxEffectOfUnusualItems,"0","0","0","0","0","0","0","0","0","0","0","0","0","0","0","0","0","0","0","0","0","0","0","0","0","0","0","0","0","0","0","0","0","0","0","0","0","0","0","0","0","0","0","0","0","0","38,850","-10,850","-10,500","-17,500","0","0","0","-432,600","0","45,500","88,550","278,250","286,650","181,650","253,750","229,950","207,200","181,600","0","0","0","0","0","256,400","-633,200"