name,ttm,03/31/2022,12/31/2021,09/30/2021,06/30/2021,03/31/2021,12/31/2020,09/30/2020,06/30/2020,03/31/2020,12/31/2019,09/30/2019,06/30/2019,03/31/2019,12/31/2018,09/30/2018,06/30/2018,03/31/2018,12/31/2017,09/30/2017,06/30/2017,03/31/2017,12/31/2016,09/30/2016,06/30/2016,03/31/2016,12/31/2015,09/30/2015,06/30/2015,03/31/2015,12/31/2014,09/30/2014,06/30/2014,03/31/2014,12/31/2013,09/30/2013,06/30/2013,03/31/2013,12/31/2012,09/30/2012,06/30/2012,03/31/2012,12/31/2011,09/30/2011,06/30/2011,03/31/2011,12/31/2010,09/30/2010,06/30/2010,03/31/2010,09/30/2009,06/30/2009,03/31/2009,12/31/2008,09/30/2008,06/30/2008,12/31/2007,09/30/2007,06/30/2007,03/31/2007
TotalRevenue,"257,542,000","58,894,000","67,409,000","63,074,000","68,165,000","59,967,000","68,548,000","64,303,000","53,647,000","61,736,000","76,400,000","88,863,000","67,437,000","66,555,000","92,586,000","86,959,000","95,417,000","84,149,000","87,547,000","84,573,000","76,412,000","72,607,000","69,876,000","64,429,000","57,342,000","53,367,000","51,835,000","49,015,000","45,679,000","40,767,000","39,572,852","33,517,762","25,573,198","19,559,188","17,993,791","16,115,708","13,514,743","11,556,493","10,509,663","7,954,046","4,884,256","3,705,808","2,635,466","2,152,094","1,929,399","1,043,487","243,918","108,027","322,075","114,855","0","0","0","0",,,,,,
	OperatingRevenue,"257,542,000","58,894,000","67,409,000","63,074,000","68,165,000","59,967,000","68,548,000","64,303,000","53,647,000","61,736,000","76,400,000","88,863,000","67,437,000","66,555,000","92,586,000","86,959,000","95,417,000","84,149,000","87,547,000","84,573,000","76,412,000","72,607,000","69,876,000","64,429,000","57,342,000","53,367,000","51,835,000","49,015,000","45,679,000","40,767,000","39,572,852","33,517,762","25,573,198","19,559,188","17,993,791","16,115,708","13,514,743","11,556,493","10,509,663","7,954,046","4,884,256","3,705,808","2,635,466","2,152,094","1,929,399","1,043,487","243,918","108,027","322,075","114,855","0","0","0","0",,,,,,
CostOfRevenue,"43,578,000","9,936,000","10,753,000","10,129,000","12,760,000","9,641,000","10,817,000","10,289,000","8,198,000","10,025,000","12,709,000","13,205,000","9,749,000","7,418,000","10,402,000","7,355,000","9,270,000","9,358,000","8,247,000","9,599,000","8,631,000","8,743,000","9,069,000","7,997,000","7,394,000","7,946,000","4,985,000","4,979,000","5,089,000","5,148,000","3,599,752","3,348,005","2,739,967","2,977,275","3,111,174","2,113,438","2,198,482","1,905,020","1,689,261","1,425,336","1,114,926","958,855","862,947","843,366","789,405","658,875","364,853","539,697","435,925","379,588","0","0","0","0",,,,,,
GrossProfit,"213,964,000","48,958,000","56,656,000","52,945,000","55,405,000","50,326,000","57,731,000","54,014,000","45,449,000","51,711,000","63,691,000","75,658,000","57,688,000","59,137,000","82,184,000","79,604,000","86,147,000","74,791,000","79,300,000","74,974,000","67,781,000","63,864,000","60,807,000","56,432,000","49,948,000","45,421,000","46,850,000","44,036,000","40,590,000","35,619,000","35,973,100","30,169,757","22,833,231","16,581,913","14,882,617","14,002,270","11,316,261","9,651,473","8,820,402","6,528,710","3,769,330","2,746,953","1,772,519","1,308,728","1,139,994","384,612","-120,935","-431,670","-113,850","-264,733","0","0","0","0",,,,,,
OperatingExpense,"221,394,000","58,258,000","53,302,000","54,020,000","55,815,000","57,178,000","72,795,000","63,721,000","51,305,000","65,455,000","68,563,000","61,460,000","74,761,000","72,104,000","91,126,000","79,231,000","84,472,000","71,820,000","55,318,000","66,132,000","60,568,000","57,679,000","52,092,000","51,729,000","46,387,000","43,954,000","39,099,000","37,322,000","34,938,000","31,372,000","31,321,215","26,438,864","23,224,994","17,472,928","15,926,084","14,258,161","12,060,478","9,878,363","9,545,129","7,044,941","3,886,846","3,378,318","4,208,395","2,961,085","3,556,429","3,640,958","2,311,490","2,422,188","2,583,947","2,283,842","2,408,627","2,107,833","2,872,678","2,314,758","3,601,519","3,189,867","7,409","5,006","8,501","15,895"
	SellingGeneralAndAdministration,"202,525,000","49,570,000","53,068,000","46,289,000","53,599,000","45,404,000","48,706,000","48,046,000","37,329,000","46,942,000","45,444,000","51,258,000","50,641,000","50,862,000","66,295,000","58,740,000","67,582,000","65,910,000","51,621,000","60,233,000","55,314,000","52,951,000","48,398,000","48,179,000","42,772,000","40,648,000","36,524,000","34,901,000","32,651,000","29,308,000","29,242,736","24,192,479","21,193,232","15,851,553","14,277,050","12,711,225","10,868,372","8,369,010","8,409,430","6,206,251","3,383,760","2,971,246","3,601,270","2,475,849","2,893,942","2,793,055","1,726,202","1,579,259","1,831,236","1,711,438","1,459,346","1,334,316","1,915,594","1,428,488","2,375,710","2,236,321","7,409","5,006","8,501","15,895"
		GeneralAndAdministrativeExpense,,,,,,,,,,,,,,,,,,,,,,,,,,,,,,,,,,,,,,,,,,,,,,,,,,,"1,459,346","1,334,316","1,915,594","1,428,488",,,,,,
	ResearchAndDevelopment,"18,969,000","5,964,000","4,574,000","4,368,000","4,063,000","4,339,000","3,434,000","3,372,000","2,259,000","2,650,000","2,719,000","2,691,000","2,828,000","2,902,000","4,540,000","3,962,000","3,719,000","3,545,000","3,470,000","5,481,000","4,747,000","4,202,000","3,456,000","2,919,000","3,168,000","2,496,000","2,341,000","2,187,000","2,054,000","1,831,000","1,845,847","2,014,306","1,799,803","1,390,044","1,384,872","1,287,361","924,468","1,246,757","1,135,699","838,690","503,086","407,072","607,125","485,236","662,487","847,903","585,288","842,929","752,711","572,404","949,281","773,517","957,084","886,270","1,225,809","953,546",,,,
	DepreciationAmortizationDepletionIncomeStatement,"753,000","172,000","173,000","193,000","215,000","239,000","255,000","276,000","271,000","271,000","270,000","269,000","267,000","233,000","276,000","260,000","246,000","252,000","227,000","418,000","507,000","526,000","238,000","631,000","447,000","810,000","234,000","234,000","233,000","233,000","232,632","232,079","231,959","231,331","264,162","259,575","267,638","262,596",,,,,,,,,,,,,,,,,,,,,,
		DepreciationAndAmortizationInIncomeStatement,"753,000","172,000","173,000","193,000","215,000","239,000","255,000","276,000","271,000","271,000","270,000","269,000","267,000","233,000","276,000","260,000","246,000","252,000","227,000","418,000","507,000","526,000","238,000","631,000","447,000","810,000","234,000","234,000","233,000","233,000","232,632","232,079","231,959","231,331","264,162","259,575","267,638","262,596",,,,,,,,,,,,,,,,,,,,,,
			Amortization,"753,000","172,000","173,000","193,000","215,000","239,000","255,000","276,000","271,000","271,000","270,000","269,000","267,000","233,000","276,000","260,000","246,000","252,000","227,000","418,000","507,000","526,000","238,000","631,000","447,000","810,000","234,000","234,000","233,000","233,000","232,632","232,079","231,959","231,331","264,162","259,575","267,638","262,596",,,,,,,,,,,,,,,,,,,,,,
				AmortizationOfIntangiblesIncomeStatement,"753,000","172,000","173,000","193,000","215,000","239,000","255,000","276,000","271,000","271,000","270,000","269,000","267,000","233,000","276,000","260,000","246,000","252,000","227,000","418,000","507,000","526,000","238,000","631,000","447,000","810,000","234,000","234,000","233,000","233,000","232,632","232,079","231,959","231,331","264,162","259,575","267,638","262,596",,,,,,,,,,,,,,,,,,,,,,
	OtherOperatingExpenses,"-853,000","2,552,000","-4,513,000","3,170,000","-2,062,000","7,196,000","20,400,000","12,027,000","11,446,000","15,592,000","20,130,000","7,242,000","21,025,000","18,107,000","20,015,000","16,269,000","12,925,000","2,113,000",,,,,,,,,,,,,,,,,,,,,,,,,,,,,,,,,,,,,,,,,,
OperatingIncome,"-7,430,000","-9,300,000","3,354,000","-1,075,000","-410,000","-6,852,000","-15,064,000","-9,707,000","-5,856,000","-13,744,000","-4,872,000","14,198,000","-17,073,000","-12,967,000","-8,942,000","373,000","1,675,000","2,971,000","23,982,000","8,842,000","7,213,000","6,185,000","8,715,000","4,703,000","3,561,000","1,467,000","7,751,000","6,714,000","5,652,000","4,247,000","4,651,885","3,730,893","-391,763","-891,015","-1,043,467","-255,891","-744,217","-226,890","-724,727","-516,231","-117,516","-631,365","-2,435,876","-1,652,357","-2,416,435","-3,256,346","-2,432,425","-2,853,858","-2,697,797","-2,548,575","-2,408,627","-2,107,833","-2,872,678","-2,314,758","-3,601,519","-3,189,867","-7,409","-5,006","-8,501","-15,895"
NetNonOperatingInterestIncomeExpense,"-4,634,000","-1,126,000","-1,174,000","-963,000","-1,371,000","-1,472,000","-1,508,000","-1,472,000","-2,574,000","-2,387,000","-2,395,000","-2,255,000","-269,000","211,000",,"99,000","116,000","96,000","250,000","-43,000","-149,000","-145,000","-85,000","-87,000","-111,000","-56,000","-68,000","-5,000","1,000","-14,000","-9,421","-9,126","-8,429","-21,024","-12,730","-4,527","-13,172","-1,343,243","-633,507","-584,646","-626,553","-462,287","-141,319","-113,366","-87,070",,"-294,232","-584","1,228","-593,510","-1,395,914","-54,548",,,,,,,,
	InterestIncomeNonOperating,,,,,,,,,,,,"-2,255,000",,"211,000",,"99,000",,"96,000",,,,,,,,,,,,,,,,,,,,,,,,,,,,,,,,,,,,,,,,,,
	InterestExpenseNonOperating,"4,634,000","1,126,000","1,174,000","963,000","1,371,000","1,472,000","1,508,000","1,472,000","2,574,000",,,,,,,,,,,"43,000","149,000",,,,,,,,,,"9,421",,"8,429","21,024","12,730","4,527","13,172","1,343,243","633,507","584,646","626,553","462,287","141,319","113,366",,,,,,,"1,395,914",,,,,,,,,
	TotalOtherFinanceCost,,,"1,174,000",,,,,,,"2,387,000",,,"269,000",,,,"-116,000",,"-250,000","43,000","149,000","145,000","85,000","87,000","111,000","56,000","68,000","5,000","-1,000","14,000","9,421","9,126","8,429","21,024","45,233","4,527","13,172",,,,,,,,"87,070",,"-305,417","584","-1,228","593,510",,"54,548",,,,,,,,
OtherIncomeExpense,,,"-73,000",,"-3,000",,"-1,028,000","-8,200,000","-9,000","6,000","11,000","127,000","174,000","-475,000",,,,,"-5,322,000","4,274,000","0","0","0","0","0","0","0","0","0","0","0",,"0","0","0","0","0","-1,328,439","-247,050","-3,118,495","0","0",,"0","0","-91,216","-287,449","0","0","-568,636","1,381","564,838","694","5,703","15,169","37,985","0","0","0",
	SpecialIncomeCharges,,,"-53,000","0",,,"-1,027,000","-8,201,000","0","0","0","0","0","-446,000","0","0","0","0","-5,322,000","4,274,000",,,,,,,,,,,,,"0",,"-368,102","0","0","-1,328,439","-247,050","-3,118,495",,,,,,,,,,"-568,636","1,381","564,838","-58,857","5,703","15,169","37,985",,,,
		RestructuringAndMergernAcquisition,,,,,,,,,,,,,,,,,,,,,,,,,,,,,,,,,,,"0","0",,,,,,,,,,,,,,,,,,,,,,,,
		ImpairmentOfCapitalAssets,,,"53,000",,,,"1,027,000","0","0","0","0","0","0","446,000",,"0","0","0",,,,,,,,,,,,,,,,,"368,102","0",,,"0","1,798,495",,,,,,,,,,,,,,,,,,,,
		OtherSpecialCharges,,,,,,,"0","8,201,000",,,,,,,,,,,,,,,,,,,,,,,,,,,"0",,,,"1,961,151","1,320,000",,,,,,,,,,,,,,,,,,,,
		GainOnSaleOfBusiness,,,,,,,,,,,,,,,,,,,"-5,322,000","4,274,000",,,,,,,,,,,,,,,,,,,,,,,,,,,,,,,,,,,,,,,,
	OtherNonOperatingIncomeExpenses,,,"-20,000",,"-3,000",,"-1,000","1,000","-9,000","6,000","11,000","127,000","174,000","-29,000",,,,,,,,,,,,,,,,,,,,,,,,,,,,,,,,,,,,,,,,,,,,,,
PretaxIncome,"-12,140,000","-10,426,000","2,107,000","-2,038,000","-1,784,000","-8,324,000","-17,600,000","-19,379,000","-8,439,000","-16,125,000","-7,256,000","12,070,000","-17,168,000","-13,231,000","-8,727,000","472,000","1,791,000","3,067,000","18,910,000","13,073,000","7,064,000","6,040,000","8,630,000","4,616,000","3,450,000","1,411,000","7,683,000","6,709,000","5,653,000","4,233,000","4,642,464","3,721,767","-400,192","-912,039","-1,424,299","-260,418","-757,389","-1,570,133","-1,605,284","-4,219,372","-744,069","-1,093,652","-2,577,195","-1,765,723","-2,503,505","-3,347,562","-2,726,657","-2,854,442","-2,696,569","-3,142,085","-4,486,576","-1,597,543","-2,871,984","-2,309,055","-3,586,350","-3,151,882","-8,082","-5,646","-8,975","-16,159"
TaxProvision,"252,000","63,000","-108,000","301,000","-5,000","58,000","-1,020,000","38,000","27,000","-11,304,000","220,000","-309,000","42,000","42,000","27,497,000","650,000","-13,000","-1,552,000","-15,964,000","-4,384,000","-1,005,000","1,713,000","3,149,000","1,295,000","1,475,000","214,000","-5,695,000","158,000","223,000","146,000","809,938","22,062","-10,033","10,033","2,639","46,700","0","50,275","0","0","0","0","0","0","0","0","0","0","0","0","0","0","0","0",,,,,,
NetIncomeCommonStockholders,"-12,510,000","-12,075,000","6,754,000","-3,913,000","-3,276,000","-9,850,000","-18,059,000","-51,982,000","-8,466,000","-4,821,000","-7,476,000","12,379,000","-17,210,000","-13,273,000","-36,224,000","-178,000","1,804,000","4,619,000","34,874,000","17,457,000","8,069,000","4,327,000","5,481,000","3,321,000","1,975,000","1,197,000","13,378,000","6,551,000","5,430,000","4,087,000","3,832,526","3,699,705","-390,159","-922,072","-1,426,938","-307,118","-757,389","-1,620,408","-1,605,284","-4,219,372","-744,069","-1,093,652","-2,577,195","-1,765,723","-2,503,505","-3,347,562","-2,726,657","-2,854,442","-2,696,569","-3,142,085","-4,486,576","-1,597,543","-2,871,984","-3,044,055","-3,586,350","-3,151,882","-8,082","-5,646","-8,975","-16,159"
	NetIncome,"-12,392,000","-10,489,000","2,215,000","-2,339,000","-1,779,000","-8,382,000","-16,580,000","-19,417,000","-8,466,000","-4,821,000","-7,476,000","12,379,000","-17,210,000","-13,273,000","-36,224,000","-178,000","1,804,000","4,619,000","34,874,000","17,457,000","8,069,000","4,327,000","5,481,000","3,321,000","1,975,000","1,197,000","13,378,000","6,551,000","5,430,000","4,087,000","3,832,526","3,699,705","-390,159","-922,072","-1,426,938","-307,118","-757,389","-1,620,408","-1,605,284","-4,219,372","-744,069","-1,093,652","-2,577,195","-1,765,723","-2,503,505","-3,347,562","-2,726,657","-2,854,442","-2,696,569","-3,142,085","-4,486,576","-1,597,543","-2,871,984","-2,309,055","-3,586,350","-3,151,882","-8,082","-5,646","-8,975","-16,159"
		NetIncomeIncludingNoncontrollingInterests,"-12,392,000","-10,489,000","2,215,000","-2,339,000","-1,779,000","-8,382,000","-16,580,000","-19,417,000","-8,466,000","-4,821,000","-7,476,000","12,379,000","-17,210,000","-13,273,000","-36,224,000","-178,000","1,804,000","4,619,000","34,874,000","17,457,000","8,069,000","4,327,000","5,481,000","3,321,000","1,975,000","1,197,000","13,378,000","6,551,000","5,430,000","4,087,000","3,832,526","3,699,705","-390,159","-922,072","-1,426,938","-307,118","-757,389","-1,620,408","-1,605,284","-4,219,372","-744,069","-1,093,652","-2,577,195","-1,765,723","-2,503,505","-3,347,562","-2,726,657","-2,854,442","-2,696,569","-3,142,085","-4,486,576","-1,597,543","-2,871,984","-2,309,055","-3,586,350","-3,151,882","-8,082","-5,646","-8,975","-16,159"
			NetIncomeContinuousOperations,"-12,392,000","-10,489,000","2,215,000","-2,339,000","-1,779,000","-8,382,000","-16,580,000","-19,417,000","-8,466,000","-4,821,000","-7,476,000","12,379,000","-17,210,000","-13,273,000","-36,224,000","-178,000","1,804,000","4,619,000","34,874,000","17,457,000","8,069,000","4,327,000","5,481,000","3,321,000","1,975,000","1,197,000","13,378,000","6,551,000","5,430,000","4,087,000","3,832,526","3,699,705","-390,159","-922,072","-1,426,938","-307,118","-757,389","-1,620,408","-1,605,284","-4,219,372","-744,069","-1,093,652","-2,577,195","-1,765,723","-2,503,505","-3,347,562","-2,726,657","-2,854,442","-2,696,569","-3,142,085","-4,486,576","-1,597,543","-2,871,984","-2,309,055","-3,586,350","-3,151,882","-8,082","-5,646","-8,975","-16,159"
	PreferredStockDividends,,"1,586,000",,"1,574,000","1,033,000","1,006,000","1,019,000","997,000",,,,,,,,,,,,,,,,,,,,,,,,,,,,,,,,,,,,,,,,"0","0","0",,,,,,,,,,
	OtherunderPreferredStockDividend,,"0","1,597,000","0","464,000","462,000","460,000","31,568,000",,,,,,,,,,,,,,,,,,,,,,,,,,,,,,,,,,,,,,,,,,,,,"0","735,000",,,,,,
DilutedNIAvailtoComStockholders,"-12,510,000","-12,075,000","6,754,000","-3,913,000","-3,276,000","-9,850,000","-18,059,000","-51,982,000","-8,466,000","-4,821,000","-7,476,000","12,379,000","-17,210,000","-13,273,000","-36,224,000","-178,000","1,804,000","4,619,000","34,874,000","17,457,000","8,069,000","4,327,000","5,481,000","3,321,000","1,975,000","1,197,000","13,378,000","6,551,000","5,430,000","4,087,000","3,832,526","3,699,705","-390,159","-922,072","-1,426,938","-307,118","-757,389","-1,620,408","-1,605,284","-4,219,372","-744,069","-1,093,652","-2,577,195","-1,765,723","-2,503,505","-3,347,562","-2,726,657","-2,854,442","-2,696,569","-3,142,085","-4,486,576","-1,597,543","-2,871,984","-3,044,055","-3,586,350","-3,151,882","-8,082","-5,646","-8,975","-16,159"
BasicEPS,,"-0.11","0.01","-0.04","-0.03","-0.09","-0.17","-0.48","-0.08","-0.04",,"0.12","-0.16","-0.12",,"-0.002","0.02","0.04",,"0.16","0.08","0.04",,"0.03","0.02","0.01",,"0.06","0.05","0.04",,"0.03","-0.004","-0.01",,"-0.003","-0.01","-0.02",,"-0.05","-0.01","-0.01",,"-0.02","-0.03","-0.05",,"-0.05","-0.04","-0.06","-0.11","-0.04",,"-0.08","-0.13","-0.09",,"-0.001","-0.001","-0.002"
DilutedEPS,,"-0.11","0.01","-0.04","-0.03","-0.09","-0.17","-0.48","-0.08","-0.04",,"0.11","-0.16","-0.12",,"-0.002","0.02","0.04",,"0.15","0.07","0.04",,"0.03","0.02","0.01",,"0.06","0.05","0.04",,"0.03","-0.004","-0.01",,"-0.003","-0.01","-0.02",,"-0.05","-0.01","-0.01",,"-0.02","-0.03","-0.05",,"-0.05","-0.04","-0.06","-0.11","-0.04",,"-0.08","-0.13","-0.09",,"-0.001","-0.001","-0.002"
BasicAverageShares,,"111,615,839","110,997,001","110,717,073","110,276,636","109,401,383","108,867,962","108,493,208","108,119,461","107,538,509",,"107,157,561","106,942,429","106,420,317",,"105,935,736","105,694,789","104,747,411",,"106,871,436","106,805,162","105,708,526",,"105,991,990","106,191,932","105,538,271",,"106,511,294","106,211,120","105,820,335",,"105,756,945","105,757,178","105,358,694",,"96,914,856","95,988,100","93,128,466",,"84,493,164","79,952,542","74,872,122",,"73,767,674","71,819,017","70,333,476",,"61,049,942","60,635,877","51,227,540","41,576,491","39,244,628",,"37,833,267","37,314,628","37,073,595",,"7,396,855","7,396,855","7,396,855"
DilutedAverageShares,,"111,615,839","113,183,886","110,717,073","110,276,636","109,401,383","108,867,962","108,493,208","108,119,461","107,538,509",,"109,590,008","106,942,429","106,420,317",,"105,935,736","111,107,093","113,709,387",,"117,501,925","117,285,865","113,730,591",,"112,361,179","112,148,415","112,039,860",,"114,556,036","114,186,329","113,638,551",,"112,814,658","105,757,178","105,358,694",,"96,914,856","95,988,100","93,128,466",,"84,493,164","79,952,542","74,872,122",,"73,767,674","71,819,017","70,333,476",,"61,049,942","60,635,877","51,227,540","41,576,491","39,244,628",,"37,833,267","37,314,628","37,073,595",,"7,396,855","7,396,855","7,396,855"
TotalOperatingIncomeAsReported,"-7,483,000","-9,300,000","3,301,000","-1,075,000","-410,000","-6,852,000","-16,091,000","-9,707,000","-5,856,000",,"-4,872,000","14,198,000","-17,073,000","-13,413,000","-8,942,000","373,000","1,675,000","2,971,000","23,982,000","8,842,000","7,213,000","6,185,000","8,715,000","4,703,000","3,561,000","1,467,000","7,751,000","6,714,000","5,652,000","4,247,000","4,651,885","3,730,893","-391,763","-891,015","-1,411,569","-255,891","-744,217","-226,890","-971,777","-3,634,726","-117,516","-631,365","-2,435,876","-1,652,357","-2,416,435","-3,256,346","-2,432,425","-2,853,858","-2,697,797","-2,548,575","-2,408,627","-2,107,833","-2,872,678","-2,314,758","-3,601,519","-3,189,867","-7,409","-5,006","-8,501","-15,895"
TotalExpenses,"264,972,000","68,194,000","64,055,000","64,149,000","68,575,000","66,819,000","83,612,000","74,010,000","59,503,000","75,480,000","81,272,000","74,665,000","84,510,000","79,522,000","101,528,000","86,586,000","93,742,000","81,178,000","63,565,000","75,731,000","69,199,000","66,422,000","61,161,000","59,726,000","53,781,000","51,900,000","44,084,000","42,301,000","40,027,000","36,520,000","34,920,967","29,786,869","25,964,961","20,450,203","19,037,258","16,371,599","14,258,960","11,783,383","11,234,390","8,470,277","5,001,772","4,337,173","5,071,342","3,804,451","4,345,834","4,299,833","2,676,343","2,961,885","3,019,872","2,663,430","2,408,627","2,107,833","2,872,678","2,314,758","3,601,519","3,189,867","7,409","5,006","8,501","15,895"
NetIncomeFromContinuingAndDiscontinuedOperation,"-12,392,000","-10,489,000","2,215,000","-2,339,000","-1,779,000","-8,382,000","-16,580,000","-19,417,000","-8,466,000","-4,821,000","-7,476,000","12,379,000","-17,210,000","-13,273,000","-36,224,000","-178,000","1,804,000","4,619,000","34,874,000","17,457,000","8,069,000","4,327,000","5,481,000","3,321,000","1,975,000","1,197,000","13,378,000","6,551,000","5,430,000","4,087,000","3,832,526","3,699,705","-390,159","-922,072","-1,426,938","-307,118","-757,389","-1,620,408","-1,605,284","-4,219,372","-744,069","-1,093,652","-2,577,195","-1,765,723","-2,503,505","-3,347,562","-2,726,657","-2,854,442","-2,696,569","-3,142,085","-4,486,576","-1,597,543","-2,871,984","-2,309,055","-3,586,350","-3,151,882","-8,082","-5,646","-8,975","-16,159"
NormalizedIncome,"-12,360,200","-10,489,000","2,253,690","-2,339,000","-1,779,000","-8,382,000","-15,612,519.318","-13,430,270","-8,466,000","-4,821,000","-7,476,000","12,379,000","-17,210,000","-12,947,420","-36,224,000","-178,000","1,804,000","4,619,000","38,067,200","14,892,600","8,069,000","4,327,000","5,481,000","3,321,000","1,975,000","1,197,000","13,378,000","6,551,000","5,430,000","4,087,000","3,832,526","3,699,705","-390,159","-922,072","-1,187,671.7","-307,118","-757,389","-1,620,408","-1,358,234","-1,100,877","-744,069","-1,093,652","-2,577,195","-1,765,723","-2,503,505","-3,347,562","-2,726,657","-2,854,442","-2,696,569","-3,142,085","-4,487,957","-2,162,381","-2,813,127","-2,314,758","-3,601,519","-3,189,867","-8,082","-5,646","-8,975","-16,159"
InterestIncome,,,,,,,,,,,,"-2,255,000",,"211,000",,"99,000",,"96,000",,,,,,,,,,,,,,,,,,,,,,,,,,,,,,,,,,,,,,,,,,
InterestExpense,"4,634,000","1,126,000","1,174,000","963,000","1,371,000","1,472,000","1,508,000","1,472,000","2,574,000",,,,,,,,,,,"43,000","149,000",,,,,,,,,,"9,421",,"8,429","21,024","12,730","4,527","13,172","1,343,243","633,507","584,646","626,553","462,287","141,319","113,366",,,,,,,"1,395,914",,,,,,"673","640","474",
NetInterestIncome,"-4,634,000","-1,126,000","-1,174,000","-963,000","-1,371,000","-1,472,000","-1,508,000","-1,472,000","-2,574,000","-2,387,000","-2,395,000","-2,255,000","-269,000","211,000",,"99,000","116,000","96,000","250,000","-43,000","-149,000","-145,000","-85,000","-87,000","-111,000","-56,000","-68,000","-5,000","1,000","-14,000","-9,421","-9,126","-8,429","-21,024","-12,730","-4,527","-13,172","-1,343,243","-633,507","-584,646","-626,553","-462,287","-141,319","-113,366","-87,070",,"-294,232","-584","1,228","-593,510","-1,395,914","-54,548",,,,,"-673","-640","-474",
EBIT,"-7,506,000","-9,300,000","3,281,000","-1,075,000","-413,000","-6,852,000","-6,861,000","-17,907,000","-5,865,000","-13,744,000","-4,872,000","14,198,000","-17,073,000","-12,967,000","-8,942,000","373,000","1,675,000","2,971,000","19,708,000","13,116,000","7,213,000","6,185,000","8,715,000","4,703,000","3,561,000","1,467,000","7,751,000","6,714,000","5,652,000","4,247,000","4,651,885","3,730,893","-391,763","-891,015","-1,411,569","-255,891","-744,217","-226,890","-971,777","-3,634,726","-117,516","-631,365","-2,435,876","-1,652,357","-2,416,435","-3,256,346","-2,719,874","-2,853,858","-2,697,797","-2,548,575","-3,090,662","-2,107,833","-2,872,678","-2,314,758","-3,601,519","-3,189,867","-7,409","-5,006","-8,501","-15,895"
EBITDA,"-2,691,000"
ReconciledCostOfRevenue,"39,516,000","9,076,000","9,780,000","9,206,000","11,454,000","8,480,000","9,529,000","8,723,000","6,776,000","8,519,000","11,144,000","11,564,000","8,104,000","5,723,000","8,454,000","5,940,000","7,972,000","8,137,000","7,234,000","8,586,000","7,516,000","7,797,000","8,130,000","7,157,000","6,573,000","7,212,000","4,433,000","4,508,000","4,668,000","4,794,000","3,266,910","3,034,829","2,452,117","2,714,144","2,888,093","1,937,207","2,059,299","1,806,269","1,689,261","1,425,336","1,114,926","958,855","862,947","843,366","789,405","658,875","364,853","539,697","435,925","379,588","0","0","0","0",,,,,,
ReconciledDepreciation,"4,815,000","1,032,000","1,146,000","1,116,000","1,521,000","1,400,000","1,543,000","1,842,000","1,693,000","1,777,000","1,835,000","1,910,000","1,912,000","1,928,000","2,224,000","1,675,000","1,544,000","1,473,000","1,240,000","1,431,000","1,622,000","1,472,000","1,177,000","1,471,000","1,268,000","1,544,000","786,000","705,000","654,000","587,000","565,474","545,255","519,809","494,462","487,243","435,806","406,821","361,347","373,537","572,626","455,080","444,365","449,628","432,966","449,659","450,157","273,648","281,313","279,255","277,975","277,601","282,820","278,524","276,171","273,140","263,994",,,,
NetIncomeFromContinuingOperationNetMinorityInterest,"-12,392,000","-10,489,000","2,215,000","-2,339,000","-1,779,000","-8,382,000","-16,580,000","-19,417,000","-8,466,000","-4,821,000","-7,476,000","12,379,000","-17,210,000","-13,273,000","-36,224,000","-178,000","1,804,000","4,619,000","34,874,000","17,457,000","8,069,000","4,327,000","5,481,000","3,321,000","1,975,000","1,197,000","13,378,000","6,551,000","5,430,000","4,087,000","3,832,526","3,699,705","-390,159","-922,072","-1,426,938","-307,118","-757,389","-1,620,408","-1,605,284","-4,219,372","-744,069","-1,093,652","-2,577,195","-1,765,723","-2,503,505","-3,347,562","-2,726,657","-2,854,442","-2,696,569","-3,142,085","-4,486,576","-1,597,543","-2,871,984","-2,309,055","-3,586,350","-3,151,882","-8,082","-5,646","-8,975","-16,159"
TotalUnusualItemsExcludingGoodwill,"-53,000",,"-53,000","0",,,"-1,027,000","-8,201,000","0","0","0","0","0","-446,000","0","0","0","0","-5,322,000","4,274,000",,,,,,,,,,,,,"0",,"-368,102","0","0","-1,328,439","-247,050","-3,118,495",,,,,,,,,,"-568,636","1,381","564,838","-58,857","5,703","15,169","37,985",,,,
TotalUnusualItems,"-53,000",,"-53,000","0",,,"-1,027,000","-8,201,000","0","0","0","0","0","-446,000","0","0","0","0","-5,322,000","4,274,000",,,,,,,,,,,,,"0",,"-368,102","0","0","-1,328,439","-247,050","-3,118,495",,,,,,,,,,"-568,636","1,381","564,838","-58,857","5,703","15,169","37,985",,,,
NormalizedEBITDA,"-2,638,000","-8,268,000","4,480,000","41,000","1,108,000","-5,452,000","-4,291,000","-7,864,000","-4,172,000","-11,967,000","-3,037,000","16,108,000","-15,161,000","-10,593,000","-6,718,000","2,048,000","3,219,000","4,444,000","26,270,000","10,273,000","8,835,000","7,657,000","9,892,000","6,174,000","4,829,000","3,011,000","8,537,000","7,419,000","6,306,000","4,834,000","5,217,359","4,276,148","128,046","-396,553","-556,224","179,915","-337,396","134,457","-351,190","56,395","337,564","-187,000","-1,986,248","-1,219,391","-1,966,776","-2,806,189","-2,446,226","-2,572,545","-2,418,542","-2,270,600","-2,814,442","-2,389,851","-2,535,297","-2,044,290","-3,343,548","-2,963,858","-7,409","-5,006","-8,501","-15,895"
TaxRateForCalcs,"0.4","0.4","0.27","0.27","0.003","0.27","0.058","0.27","0.27","0.27","0.27","0.27","0.27","0.27","0.27","0.27","0.27","0.27","0.4","0.4","0.4","0.284","0.365","0.281","0.4","0.152","0.4","0.024","0.039","0.034","0.174","0.006","0.025","0.35","0.35","0.35","0","0.35","0","0","0","0","0","0","0","0","0","0","0","0","0","0","0","0","0","0","0","0","0","0"
TaxEffectOfUnusualItems,"-21,200","0","-14,310","0","0","0","-59,519.318","-2,214,270","0","0","0","0","0","-120,420","0","0","0","0","-2,128,800","1,709,600","0","0","0","0","0","0","0","0","0","0","0","0","0","0","-128,835.7","0","0","0","0","0","0","0","0","0","0","0","0","0","0","0","0","0","0","0","0","0","0","0","0","0"