name,ttm,03/31/2022,12/31/2021,09/30/2021,06/30/2021,03/31/2021,12/31/2020,09/30/2020,06/30/2020
TotalRevenue,"207,695,000","69,714,000","55,562,000","44,220,000","38,176,000","33,130,000","22,550,000","23,117,000","16,970,000"
	OperatingRevenue,"202,974,000","69,714,000","50,862,000","44,217,000","38,181,000","33,130,000","22,527,000","23,078,000","16,936,000"
CostOfRevenue,"20,165,000","21,204,000","1,881,000","1,828,000","2,355,000","9,903,000","1,199,000","1,183,000","1,014,000"
GrossProfit,"187,530,000","48,510,000","53,681,000","42,392,000","35,821,000","23,227,000","21,351,000","21,934,000","15,956,000"
OperatingExpense,"263,016,000","79,065,000","81,638,000","60,965,000","39,488,000","23,995,000","27,759,000","23,133,000","11,369,000"
	SellingGeneralAndAdministration,"153,680,000","45,252,000","43,692,000","36,999,000","26,043,000","17,205,000","19,993,000","12,648,000","10,941,000"
		GeneralAndAdministrativeExpense,"103,457,000","33,836,000","27,582,000","23,468,000","16,877,000","12,842,000","16,337,000","9,727,000","9,308,000"
			SalariesAndWages,"60,864,000","22,043,000","15,142,000","15,483,000","8,183,000","7,057,000","8,496,000","4,672,000","5,031,000"
			InsuranceAndClaims,,,"2,551,000","2,158,000","1,923,000",,"1,689,000","1,137,000","1,223,000"
			OtherGandA,"34,340,000","11,793,000","9,889,000","5,827,000","6,771,000","5,785,000","6,152,000","3,918,000","3,054,000"
		SellingAndMarketingExpense,"50,223,000","11,416,000","16,110,000","13,531,000","9,166,000","4,363,000","3,656,000","2,921,000","1,633,000"
	DepreciationAmortizationDepletionIncomeStatement,,,"890,000","486,000","502,000",,"297,000","286,000","271,000"
		DepreciationAndAmortizationInIncomeStatement,,,"890,000","486,000","502,000",,"297,000","286,000","271,000"
	ProvisionForDoubtfulAccounts,"78,085,000","23,044,000","24,105,000","15,238,000","15,698,000","5,708,000","6,707,000","10,456,000","-33,000"
	OtherOperatingExpenses,"28,859,000","10,769,000","12,951,000","8,242,000","-2,755,000","1,082,000","762,000","-257,000","190,000"
OperatingIncome,"-75,486,000","-30,555,000","-27,957,000","-18,573,000","-3,667,000","-768,000","-6,408,000","-1,199,000","4,587,000"
NetNonOperatingInterestIncomeExpense,"-36,519,000","-6,174,000","-8,343,000","-8,397,000","-8,361,000","-1,471,000","-5,384,000","-4,562,000","-3,510,000"
	InterestExpenseNonOperating,"11,954,000","6,174,000","2,304,000","1,627,000","1,849,000","1,471,000","634,000","865,000","779,000"
	TotalOtherFinanceCost,,,"6,039,000","6,770,000","6,512,000",,"4,750,000","3,697,000","2,731,000"
OtherIncomeExpense,"-13,850,000","2,312,000","4,318,000","6,686,000","-27,168,000","-71,142,000","-18,623,000","271,000","70,000"
	GainOnSaleOfSecurity,"-45,935,000","3,910,000","-39,014,000","6,686,000","-17,546,000","-31,230,000","-14,623,000","271,000","70,000"
	SpecialIncomeCharges,"-6,911,000","-682,000",,,,"0",,,
		RestructuringAndMergernAcquisition,"6,911,000","682,000",,,,"0",,,
	OtherNonOperatingIncomeExpenses,,"-916,000","7,684,000",,"-9,622,000","-39,912,000",,,
PretaxIncome,"-125,855,000","-34,417,000","-31,982,000","-20,284,000","-39,196,000","-73,381,000","-30,415,000","-5,490,000","1,147,000"
TaxProvision,"-28,386,000","-28,417,000","15,000","-1,000","17,000","25,000","19,000","0","0"
NetIncomeCommonStockholders,"-60,936,000","-7,028,000","-35,409,000","28,663,000","-47,275,000","-81,015,000","-36,755,000","-11,844,000","-5,235,000"
	NetIncome,"-107,478,000","-6,000,000","-35,409,000","-23,803,000","-42,290,000","-76,173,000","-32,363,000","-7,457,000","-924,000"
		NetIncomeIncludingNoncontrollingInterests,"-97,469,000","-6,000,000","-31,997,000","-20,283,000","-39,213,000","-73,406,000","-30,434,000","-5,490,000","1,147,000"
			NetIncomeContinuousOperations,"-97,469,000","-6,000,000","-31,997,000","-20,283,000","-39,213,000","-73,406,000","-30,434,000","-5,490,000","1,147,000"
		MinorityInterests,"-10,009,000","0","-3,412,000","-3,520,000","-3,077,000","-2,767,000","-1,929,000","-1,967,000","-2,071,000"
	PreferredStockDividends,"-46,542,000","1,028,000","0","-52,466,000","4,985,000","4,842,000","4,392,000","4,387,000","4,311,000"
DilutedNIAvailtoComStockholders,"-60,936,000","-7,028,000","-35,409,000","28,663,000","-47,275,000","-81,015,000","-36,755,000","-11,844,000","-5,235,000"
BasicEPS,,"0.001",,"0.46","-15.95","-27.328",,"-3.995","-1.92"
DilutedEPS,,"0.001",,"0.46","-15.95","-27.328",,"-3.995","-1.92"
BasicAverageShares,,"235,550,057",,"62,314,396","2,964,521","2,964,521",,"2,964,521","2,732,898"
DilutedAverageShares,,"235,550,057",,"62,314,396","2,964,521","2,964,521",,"2,964,521","2,732,898"
TotalExpenses,"283,181,000","100,269,000","83,519,000","62,793,000","41,843,000","33,898,000","28,958,000","24,316,000","12,383,000"
NetIncomeFromContinuingAndDiscontinuedOperation,"-107,478,000","-6,000,000","-35,409,000","-23,803,000","-42,290,000","-76,173,000","-32,363,000","-7,457,000","-924,000"
NormalizedIncome,"-66,551,165.357","-7,936,800","-2,381,610","-30,488,670.381","-29,481,420","-53,375,100","-21,688,210","-7,728,000","-994,000"
InterestExpense,"11,954,000","6,174,000","2,304,000","1,627,000","1,849,000","1,471,000","634,000","865,000","779,000"
NetInterestIncome,"-36,519,000","-6,174,000","-8,343,000","-8,397,000","-8,361,000","-1,471,000","-5,384,000","-4,562,000","-3,510,000"
EBIT,"-113,901,000","-28,243,000","-29,678,000","-18,657,000","-37,347,000","-71,910,000","-29,781,000","-4,625,000","1,926,000"
EBITDA,"-108,602,000"
ReconciledCostOfRevenue,"20,165,000","21,204,000","1,881,000","1,828,000","2,355,000","9,903,000","1,199,000","1,183,000","1,014,000"
ReconciledDepreciation,"5,299,000","3,421,000","890,000","486,000","502,000","514,000","297,000","286,000","271,000"
NetIncomeFromContinuingOperationNetMinorityInterest,"-107,478,000","-6,000,000","-35,409,000","-23,803,000","-42,290,000","-76,173,000","-32,363,000","-7,457,000","-924,000"
TotalUnusualItemsExcludingGoodwill,"-52,846,000","3,228,000","-45,243,000","6,686,000","-17,546,000","-31,230,000","-14,623,000","271,000","70,000"
TotalUnusualItems,"-52,846,000","3,228,000","-45,243,000","6,686,000","-17,546,000","-31,230,000","-14,623,000","271,000","70,000"
NormalizedEBITDA,"-55,756,000","-28,050,000","16,455,000","-24,857,000","-19,299,000","-40,166,000","-14,861,000","-4,610,000","2,127,000"
TaxRateForCalcs,"0.226","0.4","0.27","0","0.27","0.27","0.27","0","0"
TaxEffectOfUnusualItems,"-11,919,165.357","1,291,200","-12,215,610","329.619","-4,737,420","-8,432,100","-3,948,210","0","0"