name,ttm,03/31/2022,12/31/2021,09/30/2021,06/30/2021,03/31/2021,12/31/2020,09/30/2020,06/30/2020,03/31/2020,12/31/2019,09/30/2019,06/30/2019,03/31/2019,12/31/2018,09/30/2018,06/30/2018,03/31/2018,12/31/2017,09/30/2017,06/30/2017,03/31/2017,12/31/2016,09/30/2016,06/30/2016,03/31/2016,12/31/2015,09/30/2015,06/30/2015,03/31/2015,12/31/2014,09/30/2014,06/30/2014,03/31/2014,12/31/2013,09/30/2013,06/30/2013,03/31/2013,12/31/2012,09/30/2012,06/30/2012,03/31/2012,12/31/2011,09/30/2011,06/30/2011,03/31/2011,12/31/2010,09/30/2010,06/30/2010,03/31/2010,12/31/2009,09/30/2009,06/30/2009,03/31/2009,12/31/2008,09/30/2008,06/30/2008,03/31/2008,12/31/2007,09/30/2007,06/30/2007,03/31/2007,12/31/2006,09/30/2006,06/30/2006,03/31/2006,12/31/2005,09/30/2005,06/30/2005,03/31/2005,12/31/2004,09/30/2004,06/30/2004,03/31/2004,03/31/2003
TotalRevenue,"69,998,000","11,992,000","12,515,000","22,211,000","23,280,000","17,436,000","18,443,000","15,352,000","15,114,000","16,235,000","15,993,000","14,595,000","15,002,000","17,448,000","16,032,000","4,469,000","3,893,000","3,465,000","4,530,000","2,043,000","2,163,000","3,009,000","12,404,000","162,354,000","0","0","0","0","0","0","0","0","0","0","0","0","0","0","0","35,000","0","0","0","0","0","50,000","0","0","93,000","0","0","0","0","0","0",,,"20,000","0",,,"10,000","0",,,"100,000",,,,,,,,,
	OperatingRevenue,"95,552,000","18,202,000","18,678,000","28,793,000","29,879,000","17,436,000","18,443,000","15,352,000","15,114,000","16,235,000","15,993,000","14,595,000","15,002,000","17,448,000","16,085,000","4,469,000","3,840,000","3,465,000","4,529,000","2,043,000","1,611,000","3,009,000","12,404,000","162,354,000","0","0","0","0","0","0","0","0","0","0","0","0","0","0","0","35,000","0","0","0","0","0","50,000","0","0","93,000","0","0","0","0","0","0",,,"20,000","0",,,"10,000","0",,,"100,000",,,,,,,,,
CostOfRevenue,"42,245,000","10,998,000","11,434,000","9,887,000","9,926,000","7,610,000","6,283,000","5,172,000","5,660,000","7,526,000","7,021,000","8,935,000","6,466,000","5,557,000","6,073,000","5,303,000","5,095,000","4,008,000","5,018,000","4,575,000","5,086,000","2,548,000","11,783,000","27,073,000",,,,,,,,,,,,,,,,"0","0","0","0","0","0","0","0","0","0","0","0","0","0","0",,,,,,,,,,,,,,,,,,,,,
GrossProfit,"27,753,000","994,000","1,081,000","12,324,000","13,354,000","9,826,000","12,160,000","10,180,000","9,454,000","8,709,000","8,972,000","5,660,000","8,536,000","11,891,000","9,959,000","-834,000","-1,202,000","-543,000","-488,000","-2,532,000","-2,923,000","461,000","621,000","135,281,000",,,,,,,,,,,,,,,,"35,000","0","0","0","0","0","50,000","0","0","93,000","0","0","0","0","0",,,,,,,,,,,,,,,,,,,,,
OperatingExpense,"94,446,000","24,233,000","26,613,000","20,876,000","22,724,000","19,855,000","18,666,000","15,383,000","15,134,000","16,105,000","17,742,000","18,246,000","18,241,000","27,340,000","19,050,000","21,437,000","24,698,000","23,262,000","26,785,000","21,871,000","21,689,000","18,518,000","14,628,000","17,052,000","19,124,000","20,013,000","132,451,000","26,003,000","24,051,000","21,738,000","30,103,000","38,266,000","69,846,000","41,411,000","46,617,000","44,762,000","41,585,000","36,437,000","33,486,000","35,522,000","44,054,000","33,933,000","30,579,000","32,773,000","39,186,000","38,051,000","32,093,000","42,540,000","37,356,000","40,601,000","55,819,000","42,767,000","53,386,000","57,806,000","81,755,000","69,080,000","80,864,000","74,085,000","79,067,000","75,569,000","75,393,000","77,338,000","71,798,000","61,134,000","55,777,000","45,088,000","35,046,000","32,862,000","27,567,000","22,647,000","21,696,000","20,503,000","18,382,000","16,568,000","11,564,000"
	SellingGeneralAndAdministration,"80,701,000","20,697,000","22,727,000","17,221,000","20,056,000","17,413,000","17,121,000","13,899,000","13,670,000","14,350,000","15,721,000","16,666,000","16,609,000","25,673,000","17,976,000","19,394,000","21,731,000","20,618,000","23,278,000","17,725,000","18,566,000","15,389,000","15,333,000","13,135,000","14,814,000","14,883,000","60,065,000","19,662,000","16,314,000","12,361,000","12,543,000","19,088,000","32,523,000","15,229,000","17,629,000","17,481,000","14,533,000","10,039,000","8,211,000","10,069,000","17,416,000","9,777,000","10,337,000","9,641,000","9,512,000","11,762,000","7,876,000","11,129,000","11,196,000","10,110,000","12,720,000","12,273,000","13,537,000","14,917,000","12,978,000","13,435,000","13,290,000","15,640,000","12,316,000","10,744,000","13,913,000","13,550,000","12,058,000","10,349,000","10,456,000","9,138,000","6,457,000","8,396,000","3,971,000","3,951,000","1,235,000","8,808,000","4,071,000","3,769,000",
		GeneralAndAdministrativeExpense,,,,,,,,,,,,,,,,,,,,,,,"6,501,000","6,130,000","14,814,000","14,883,000","60,065,000","19,662,000","16,314,000","12,361,000","12,543,000","19,088,000","32,523,000","15,229,000","17,629,000","17,481,000","14,533,000","10,039,000","8,211,000",,,,,,"9,512,000",,,,,,,,,,,,,,,,,,,,,,,,,,,,,,
			SalariesAndWages,,,,,,,,,,,,,,,,,,,,,,,,,"4,383,000","2,872,000","23,806,000","6,385,000","6,113,000","4,656,000","41,062,000","718,000","27,447,000","10,156,000","31,000,000","12,729,000","9,815,000","10,039,000",,,,,,,"622,000",,,,,,,,,,,,,,,,,,,,,,,,,,,,,,
			OtherGandA,,,,,,,,,,,,,,,,,,,,,,,"6,501,000","6,130,000","10,431,000","12,011,000","36,259,000","13,277,000","10,201,000","7,705,000","12,543,000","18,370,000","5,076,000","5,073,000","17,629,000","4,752,000","4,718,000",,"8,211,000",,,,,,"8,890,000",,,,,,,,,,,,,,,,,,,,,,,,,,,,,,
		SellingAndMarketingExpense,,,,,,,,,,,,,,,,,,,,,,,"8,832,000","7,005,000",,,,,,,,,,,,,,,,,,,,,,,,,,,,,,,,,,,,,,,,,,,,,,,,,,,
	ResearchAndDevelopment,"13,406,000","3,536,000","3,886,000","3,655,000","2,329,000","2,442,000","1,545,000","1,484,000","1,464,000","1,755,000","2,021,000","1,580,000","1,632,000","1,667,000","1,084,000","2,043,000","2,967,000","2,644,000","3,507,000","4,361,000","3,123,000","3,129,000","1,560,000","3,917,000","4,310,000","5,130,000","6,219,000","6,341,000","7,737,000","9,377,000","17,560,000","19,178,000","37,323,000","26,182,000","28,988,000","27,281,000","27,052,000","26,398,000","25,275,000","25,453,000","26,638,000","24,156,000","20,242,000","23,132,000","29,674,000","26,289,000","24,217,000","31,411,000","26,160,000","30,491,000","43,099,000","30,494,000","39,849,000","42,889,000","68,777,000","55,645,000","67,574,000","58,445,000","66,751,000","64,825,000","61,480,000","63,788,000","59,740,000","50,785,000","45,321,000","35,950,000","28,589,000","24,466,000","23,596,000","18,696,000","20,461,000","11,695,000","14,311,000","12,799,000","11,564,000"
	OtherOperatingExpenses,,,"0",,"339,000",,,,,,,,,,,,,,"0","-215,000",,,"-2,265,000",,,,"66,167,000",,,,,,,,,,,,,,,,,,,,,,,,,,,,,,,,,,,,,,,,,,,,,,,,
OperatingIncome,"-66,693,000","-23,239,000","-25,532,000","-8,552,000","-9,370,000","-10,029,000","-6,506,000","-5,203,000","-5,680,000","-7,396,000","-8,770,000","-12,586,000","-9,705,000","-15,449,000","-9,091,000","-22,271,000","-25,900,000","-23,805,000","-27,273,000","-24,403,000","-24,612,000","-18,057,000","-14,007,000","118,229,000","-19,124,000","-20,013,000","-132,451,000","-26,003,000","-24,051,000","-21,738,000","-30,103,000","-38,266,000","-69,846,000","-41,411,000","-46,617,000","-44,762,000","-41,585,000","-36,437,000","-33,486,000","-35,487,000","-44,054,000","-33,933,000","-30,579,000","-32,773,000","-39,186,000","-38,001,000","-32,093,000","-42,540,000","-37,263,000","-40,601,000","-55,819,000","-42,767,000","-53,386,000","-57,806,000","-81,755,000","-69,080,000","-80,864,000","-74,065,000","-79,067,000","-75,569,000","-75,393,000","-77,328,000","-71,798,000","-61,134,000","-55,777,000","-44,988,000","-35,046,000","-32,862,000","-27,567,000","-22,647,000","-21,696,000","-20,503,000","-18,382,000","-16,568,000","-11,564,000"
NetNonOperatingInterestIncomeExpense,"-14,758,000","-4,742,000","-4,094,000","-2,767,000","-3,155,000","-6,449,000","-2,399,000","-2,357,000","-2,351,000","-2,197,000","-2,069,000","-5,068,000","-1,418,000","-1,355,000","-1,513,000","-1,923,000","-2,700,000","-2,802,000","-3,115,000","-3,418,000","-3,085,000","-3,365,000","-3,723,000","-4,867,000","-4,876,000","-4,927,000","-4,052,000","-4,872,000","-4,849,000","-10,333,000","-6,379,000","-6,152,000","-3,149,000","-4,755,000","-6,283,000","-6,066,000","-4,554,000","-4,551,000","-5,026,000","-5,104,000","-5,871,000","-5,622,000","-5,883,000","-5,708,000","-5,341,000","-4,874,000","-5,586,000","-4,711,000","-3,731,000","-3,309,000","-3,262,000","-2,937,000","-2,501,000","-1,677,000",,,,,,,,,,,,,,,,,,,,,
	InterestIncomeNonOperating,"486,000","377,000","48,000","36,000","25,000","3,000","2,000","18,000","14,000","133,000","203,000","220,000","255,000","318,000","196,000","144,000","55,000","106,000","115,000","65,000","58,000","55,000","15,000","28,000","26,000","15,000","10,000","2,000","3,000","3,000","5,000","1,000","1,000","1,000","4,000","2,000","1,000","1,000","5,000","0","1,000","1,000","0","0","2,000","15,000","18,000","16,000","3,000","3,000","3,000","9,000","27,000","31,000",,,,,,,,,,,,,,,,,,,,,
	InterestExpenseNonOperating,"15,244,000","5,119,000","4,142,000","2,803,000","3,180,000","6,452,000","2,401,000","2,375,000","2,365,000","2,330,000","2,272,000","5,288,000","1,673,000","1,673,000","1,709,000","2,067,000","2,755,000","2,908,000","3,230,000","3,483,000","3,143,000","3,420,000","3,738,000","4,895,000","4,902,000","4,942,000","4,062,000","4,874,000","4,852,000","10,336,000","6,384,000","6,153,000","3,150,000","4,756,000","6,287,000","6,068,000","4,555,000","4,552,000","5,031,000","5,104,000","5,872,000","5,623,000","5,883,000","5,708,000","5,343,000","4,889,000","5,604,000","4,727,000","3,734,000","3,312,000","3,265,000","2,946,000","2,528,000","1,708,000",,,,,,,,,,,,,,,,,,,,,
OtherIncomeExpense,"-12,557,000","1,983,000","1,565,000","6,893,000","-22,998,000","3,562,000","-17,506,000","-3,913,000","-2,221,000","271,000","-3,424,000","7,284,000","-1,264,000","1,921,000","853,000","26,000","6,165,000","-3,778,000","-2,345,000","-5,065,000","-7,642,000","5,098,000","71,704,000","13,158,000","-5,959,000","67,000","-140,516,000","-982,000","-10,000","1,413,000","41,000","7,898,000","-370,000","-5,890,000","-683,000","10,000","15,000","23,000","-13,269,000","-2,651,000","13,347,000","1,382,000","65,000","79,000","47,000","1,350,000","-627,000","1,948,000","-1,257,000","-790,000","-452,000","149,000","283,000","71,000","-55,000","-7,000","-60,000","60,000","-355,000","62,000","44,000","52,000","48,000","51,000","59,000","50,000","86,000","-29,000","7,000","14,000","111,000","40,000","14,000","54,000",
	GainOnSaleOfSecurity,"4,712,000","1,983,000","1,564,000","2,068,000","-903,000","3,838,000","-4,008,000","-3,927,000","-1,867,000","1,796,000","-2,582,000","3,807,000","-1,247,000","1,935,000","1,361,000","728,000","5,363,000","-2,984,000","-1,564,000","-4,973,000","-6,701,000","5,084,000","923,000","13,185,000",,,,,,,,,,,,,,,,,,,,,,,,,,,,,,,,,,,,,,,,,,,,,,,,,,,
	SpecialIncomeCharges,,,"0","4,824,000","-22,130,000","0","-13,497,000","0","-368,000","-1,521,000","0","3,529,000","0","0","0","-712,000","772,000","-825,000","-781,000","-92,000","-941,000",,"70,765,000",,,,"-140,412,000","-1,049,000",,,,"0","0","0","0","0","0","0","-12,078,000","-2,651,000","13,347,000","1,382,000","65,000","79,000","47,000","1,350,000","-627,000","1,948,000","-1,257,000","-790,000","-452,000","149,000","283,000","71,000","-55,000","-7,000","-60,000","60,000","-355,000","62,000","44,000","52,000","48,000","51,000","59,000","50,000","86,000","-29,000","7,000","14,000","111,000","40,000","14,000","54,000",
		ImpairmentOfCapitalAssets,,,"0",,,,,,,,,,,,"0","0",,,"0","92,000","111,000",,"1,259,000",,,,"140,412,000",,,,,"0","0","0","0","0","0","0","0","0","0","0","0","0","0","0",,"0","0",,"0","0","0",,,,,,,,,,,,,,,,,,,,,,
		WriteOff,,,,"106,000","0","0","0","0","368,000","1,521,000",,,,,,,,,,,,,,,,,,,,,,,,,,,,,,,,,,,,,,,,,,,,,,,,,,,,,,,,,,,,,,,,,
		OtherSpecialCharges,,,"0","-4,930,000","22,130,000",,"13,497,000",,,,"0","-3,529,000",,,"0","712,000","-772,000","825,000","781,000",,"830,000",,"-72,024,000",,,,"0","1,049,000",,,,,,,,,,,,"2,651,000","-13,347,000","-1,382,000","-66,000","-79,000","-47,000","-1,350,000",,"-1,948,000","1,257,000",,"452,000","-149,000","-283,000",,,,,,,,,,,,,,,,,,,,,,
	OtherNonOperatingIncomeExpenses,,,"1,000","1,000","35,000","-276,000","-1,000","14,000","14,000","-4,000","-842,000","-52,000","-17,000","-14,000","-508,000","10,000","30,000","31,000","0",,,"14,000","16,000","-27,000","-5,959,000","67,000","-104,000","67,000","-10,000","1,413,000","41,000","7,898,000","-370,000","-5,890,000","-683,000","10,000","15,000","23,000","-13,269,000",,,,,,,,,,,,,,,,,,,,,,,,,,,,,,,,,,,,
PretaxIncome,"-94,008,000","-25,998,000","-28,061,000","-4,426,000","-35,523,000","-12,916,000","-26,411,000","-11,473,000","-10,252,000","-9,322,000","-14,263,000","-10,370,000","-12,387,000","-14,883,000","-9,751,000","-24,168,000","-22,435,000","-30,385,000","-32,733,000","-32,886,000","-35,339,000","-16,324,000","53,974,000","126,520,000","-29,959,000","-24,873,000","-277,019,000","-31,857,000","-28,910,000","-30,658,000","-36,441,000","-36,520,000","-73,365,000","-52,056,000","-53,583,000","-50,818,000","-46,124,000","-40,965,000","-51,781,000","-43,242,000","-36,578,000","-38,173,000","-36,397,000","-38,402,000","-44,480,000","-41,525,000","-38,306,000","-45,303,000","-42,251,000","-44,700,000","-59,533,000","-45,555,000","-55,604,000","-59,412,000","-83,293,000","-68,496,000","-79,826,000","-71,421,000","-75,010,000","-73,047,000","-71,989,000","-73,141,000","-71,263,000","-60,970,000","-54,747,000","-43,558,000","-33,291,000","-31,730,000","-27,155,000","-22,161,000","-21,149,000","-20,188,000","-18,245,000",,
TaxProvision,"0","0","0","0","0","0","0","-218,000","0","0","0","0","0","0","0","0","240,000","0","51,000","0","0","0","0","0",,"0",,"0","0","0","0","0","0","0","0","0","0","0","0","-408,000","0","0","0","0","0","0","0","0","0","0","0","0","0","0",,,,,,,,,"0",,"4,000","-1,000","0",,,"1,000",,,,,
NetIncomeCommonStockholders,"-94,008,000","-25,998,000","-28,061,000","-4,426,000","-35,523,000","-12,916,000","-26,411,000","-11,255,000","-10,252,000","-9,322,000","-14,263,000","-10,370,000","-12,387,000","-14,883,000","-9,751,000","-24,168,000","-22,675,000","-30,385,000","-32,784,000","-32,886,000","-35,339,000","-16,324,000","53,974,000","126,520,000","-29,959,000","-24,873,000","-277,019,000","-31,857,000","-28,910,000","-30,658,000","-36,441,000","-36,520,000","-73,365,000","-52,056,000","-53,583,000","-50,818,000","-46,124,000","-40,965,000","-51,781,000","-42,834,000","-36,578,000","-38,173,000","-36,397,000","-38,402,000","-44,480,000","-41,525,000","-38,306,000","-45,303,000","-42,251,000","-44,700,000","-59,533,000","-45,555,000","-55,604,000","-59,412,000","-83,295,000","-68,496,000","-79,826,000","-71,421,000","-75,013,000","-73,047,000","-71,989,000","-73,141,000","-71,268,000","-60,970,000","-54,751,000","-43,559,000","-33,291,000","-31,730,000","-27,155,000","-22,161,000","-21,150,000","-39,398,000","-18,249,000","-17,085,000","-20,396,000"
	NetIncome,"-94,008,000","-25,998,000","-28,061,000","-4,426,000","-35,523,000","-12,916,000","-26,411,000","-11,255,000","-10,252,000","-9,322,000","-14,263,000","-10,370,000","-12,387,000","-14,883,000","-9,751,000","-24,168,000","-22,675,000","-30,385,000","-32,784,000","-32,886,000","-35,339,000","-16,324,000","53,974,000","126,520,000","-29,959,000","-24,873,000","-277,019,000","-31,857,000","-28,910,000","-30,658,000","-36,441,000","-36,520,000","-73,365,000","-52,056,000","-53,583,000","-50,818,000","-46,124,000","-40,965,000","-51,781,000","-42,834,000","-36,578,000","-38,173,000","-36,397,000","-38,402,000","-44,480,000","-41,525,000","-38,306,000","-45,303,000","-42,251,000","-44,700,000","-59,533,000","-45,555,000","-55,604,000","-59,412,000","-83,295,000","-68,496,000","-79,826,000","-71,421,000","-75,013,000","-73,047,000","-71,989,000","-73,141,000","-71,268,000","-60,970,000","-54,751,000","-43,559,000","-33,291,000","-31,730,000","-27,155,000","-22,161,000","-21,150,000","-20,188,000","-18,245,000","-16,409,000","-20,336,000"
		NetIncomeIncludingNoncontrollingInterests,"-94,008,000","-25,998,000","-28,061,000","-4,426,000","-35,523,000","-12,916,000","-26,411,000","-11,255,000","-10,252,000","-9,322,000","-14,263,000","-10,370,000","-12,387,000","-14,883,000","-9,751,000","-24,168,000","-22,675,000","-30,385,000","-32,784,000","-32,886,000","-35,339,000","-16,324,000","53,974,000","126,520,000","-29,959,000","-24,873,000","-277,019,000","-31,857,000","-28,910,000","-30,658,000","-36,441,000","-36,520,000","-73,365,000","-52,056,000","-53,583,000","-50,818,000","-46,124,000","-40,965,000","-51,781,000","-42,834,000","-36,578,000","-38,173,000","-36,397,000","-38,402,000","-44,480,000","-41,525,000","-38,306,000","-45,303,000","-42,251,000","-44,700,000","-59,533,000","-45,555,000","-55,604,000","-59,412,000","-83,295,000","-68,496,000","-79,826,000","-71,421,000","-75,013,000","-73,047,000","-71,989,000","-73,141,000","-71,268,000","-60,970,000","-54,751,000","-43,559,000","-33,291,000","-31,730,000","-27,155,000","-22,161,000","-21,150,000","-20,188,000","-18,245,000","-16,409,000","-20,336,000"
			NetIncomeContinuousOperations,"-94,008,000","-25,998,000","-28,061,000","-4,426,000","-35,523,000","-12,916,000","-26,411,000","-11,255,000","-10,252,000","-9,322,000","-14,263,000","-10,370,000","-12,387,000","-14,883,000","-9,751,000","-24,168,000","-22,675,000","-30,385,000","-32,784,000","-32,886,000","-35,339,000","-16,324,000","53,974,000","126,520,000","-29,959,000","-24,873,000","-277,019,000","-31,857,000","-28,910,000","-30,658,000","-36,441,000","-36,520,000","-73,365,000","-52,056,000","-53,583,000","-50,818,000","-46,124,000","-40,965,000","-51,781,000","-42,834,000","-36,578,000","-38,173,000","-36,397,000","-38,402,000","-44,480,000","-41,525,000","-38,306,000","-45,303,000","-42,251,000","-44,700,000","-59,533,000","-45,555,000","-55,604,000","-59,412,000","-83,295,000","-68,496,000","-79,826,000","-71,421,000","-75,013,000","-73,047,000","-71,989,000","-73,141,000","-71,268,000","-60,970,000","-54,751,000","-43,559,000","-33,291,000","-31,730,000","-27,155,000","-22,161,000","-21,150,000","-20,188,000","-18,245,000","-16,409,000","-20,336,000"
	PreferredStockDividends,,,,,,,,,,,,,,,,,,,,,,,,,,,,,,,,,,,,,,,,,,,,,,,,,,,,,,,,,,,,,,,,,,,,,,,"0","19,210,000","4,000","676,000","60,000"
	OtherunderPreferredStockDividend,,,,,,,,,,,,,,,,,,,,,,,,,,,,,,,,"0","0","0","0","0","0","0","0",,,,,,,,,,,,,,,,,,,,,,,,,,,,,,,,,,,,
DilutedNIAvailtoComStockholders,"-94,008,000","-25,998,000","-28,061,000","-4,426,000","-35,523,000","-12,916,000","-26,411,000","-11,255,000","-10,252,000","-9,322,000","-14,263,000","-10,370,000","-12,387,000","-14,883,000","-9,751,000","-24,168,000","-22,675,000","-30,385,000","-32,784,000","-32,886,000","-35,339,000","-16,324,000","53,974,000","126,520,000","-29,959,000","-24,873,000","-277,019,000","-31,857,000","-28,910,000","-30,658,000","-36,441,000","-36,520,000","-73,365,000","-52,056,000","-53,583,000","-50,818,000","-46,124,000","-40,965,000","-51,781,000","-42,834,000","-36,578,000","-38,173,000","-36,397,000","-38,402,000","-44,480,000","-41,525,000","-38,306,000","-45,303,000","-42,251,000","-44,700,000","-59,533,000","-45,555,000","-55,604,000","-59,412,000","-83,295,000","-68,496,000","-79,826,000","-71,421,000","-75,013,000","-73,047,000","-71,989,000","-73,141,000","-71,268,000","-60,970,000","-54,751,000","-43,559,000","-33,291,000","-31,730,000","-27,155,000","-22,161,000","-21,150,000","-39,398,000","-18,249,000","-17,085,000","-20,396,000"
BasicEPS,,"-0.1","-0.11","-0.02","-0.14","-0.05","-0.11","-0.05","-0.05","-0.04","-0.07","-0.05","-0.07","-0.08",,"-0.16","-0.16","-0.25","-0.28","-0.31","-0.35","-0.17","0.56","1.3","-0.35","-0.3","-3.3","-0.4","-0.35","-0.4","-0.45","-0.45","-0.95","-0.7","-0.8","-0.85","-0.8","-0.75","-1.15","-1.1","-1.15","-1.35","-1.5","-1.55","-1.85","-1.7",,"-2","-1.85","-2",,"-2.1","-2.7","-2.9",,"-3.35","-3.95","-3.5",,"-4.95","-4.9","-5",,"-6.15","-5.5","-4.35",,"-3.65","-4.15","-3.4",,"-7","-4.55","-4.3","-6.2"
DilutedEPS,,"-0.1","-0.11","-0.02","-0.14","-0.05","-0.11","-0.05","-0.05","-0.04","-0.07","-0.05","-0.07","-0.08",,"-0.16","-0.16","-0.25","-0.28","-0.31","-0.35","-0.17","0.56","1.3","-0.35","-0.3","-3.3","-0.4","-0.35","-0.4","-0.45","-0.45","-0.95","-0.7","-0.8","-0.85","-0.8","-0.75","-1.15","-1.1","-1.15","-1.35","-1.5","-1.55","-1.85","-1.7",,"-2","-1.85","-2",,"-2.1","-2.7","-2.9",,"-3.35","-3.95","-3.5",,"-4.95","-4.9","-5",,"-6.15","-5.5","-4.35",,"-3.65","-4.15","-3.4",,"-7","-4.55","-4.3","-6.2"
BasicAverageShares,,"251,887,000","251,083,000","249,910,000","249,295,000","246,631,000","234,575,000","229,668,000","213,880,000","212,467,000","206,689,000","199,906,000","188,054,000","187,434,000",,"153,597,000","140,054,000","120,911,000","116,451,000","104,703,000","99,864,000","95,744,000","95,676,000","95,627,400","91,061,000","85,771,600","83,862,800","81,039,800","80,203,600","79,783,200","79,358,600","78,832,600","76,154,000","73,756,800","67,456,800","59,277,200","56,808,800","56,011,600","45,846,800","38,106,800","31,971,800","28,630,800","24,471,400","24,426,000","24,341,600","24,211,400",,"22,705,600","22,623,200","22,619,000",,"21,755,800","20,464,400","20,406,000",,"20,329,400","20,285,400","20,281,800",,"14,704,000","14,684,200","14,677,600",,"9,946,200","9,927,600","9,957,400",,"8,692,000","6,555,400","6,552,800",,"5,610,200","3,995,000","3,995,000","3,293,200"
DilutedAverageShares,,"251,887,000","251,083,000","249,910,000","249,295,000","246,631,000","234,575,000","229,668,000","213,880,000","212,467,000","206,689,000","199,906,000","188,054,000","187,434,000",,"153,597,000","140,054,000","120,911,000","116,451,000","104,703,000","99,864,000","95,744,000","96,510,000","96,548,800","91,061,000","85,771,600","83,862,800","81,039,800","80,203,600","79,783,200","79,358,600","78,832,600","76,154,000","73,756,800","67,456,800","59,277,200","56,808,800","56,011,600","45,846,800","38,106,800","31,971,800","28,630,800","24,471,400","24,426,000","24,341,600","24,211,400",,"22,705,600","22,623,200","22,619,000",,"21,755,800","20,464,400","20,406,000",,"20,329,400","20,285,400","20,281,800",,"14,704,000","14,684,200","14,677,600",,"9,946,200","9,927,600","9,957,400",,"8,692,000","6,555,400","6,552,800",,"5,610,200","3,995,000","3,995,000","3,293,200"
TotalOperatingIncomeAsReported,"-62,087,000","-21,256,000","-23,968,000","-6,590,000","-10,273,000","-6,191,000","-23,747,000","-9,130,000","-7,915,000","-7,121,000","-11,352,000","-8,779,000","-10,952,000","-13,514,000","-7,730,000","-21,543,000","-20,537,000","-26,789,000","-28,837,000","-28,179,000","-31,571,000","-19,602,000","-11,833,000","118,229,000","-19,124,000","-20,013,000","-272,863,000","-26,003,000","-24,051,000","-21,738,000","-30,103,000","-38,266,000","-69,846,000","-41,411,000","-46,617,000","-44,762,000","-41,585,000","-36,437,000","-33,486,000","-35,487,000","-44,054,000","-33,933,000","-30,579,000","-32,773,000","-39,186,000","-38,001,000","-32,093,000","-42,540,000","-37,263,000","-40,601,000","-55,819,000","-42,767,000","-53,386,000","-57,806,000","-81,755,000","-69,080,000","-80,864,000","-74,065,000","-79,067,000","-75,569,000","-75,393,000","-77,328,000","-71,798,000","-61,134,000","-55,777,000","-44,988,000","-35,046,000","-32,862,000","-27,567,000","-22,647,000","-21,696,000","-20,503,000","-18,382,000","-16,568,000","-20,371,000"
TotalExpenses,"136,691,000","35,231,000","38,047,000","30,763,000","32,650,000","27,465,000","24,949,000","20,555,000","20,794,000","23,631,000","24,763,000","27,181,000","24,707,000","32,897,000","25,123,000","26,740,000","29,793,000","27,270,000","31,803,000","26,446,000","26,775,000","21,066,000","26,411,000","44,125,000","19,124,000","20,013,000","132,451,000","26,003,000","24,051,000","21,738,000","30,103,000","38,266,000","69,846,000","41,411,000","46,617,000","44,762,000","41,585,000","36,437,000","33,486,000","35,522,000","44,054,000","33,933,000","30,579,000","32,773,000","39,186,000","38,051,000","32,093,000","42,540,000","37,356,000","40,601,000","55,819,000","42,767,000","53,386,000","57,806,000","81,755,000","69,080,000","80,864,000","74,085,000","79,067,000","75,569,000","75,393,000","77,338,000","71,798,000","61,134,000","55,777,000","45,088,000","35,046,000","32,862,000","27,567,000","22,647,000","21,696,000","20,503,000","18,382,000","16,568,000","11,564,000"
NetIncomeFromContinuingAndDiscontinuedOperation,"-94,008,000","-25,998,000","-28,061,000","-4,426,000","-35,523,000","-12,916,000","-26,411,000","-11,255,000","-10,252,000","-9,322,000","-14,263,000","-10,370,000","-12,387,000","-14,883,000","-9,751,000","-24,168,000","-22,675,000","-30,385,000","-32,784,000","-32,886,000","-35,339,000","-16,324,000","53,974,000","126,520,000","-29,959,000","-24,873,000","-277,019,000","-31,857,000","-28,910,000","-30,658,000","-36,441,000","-36,520,000","-73,365,000","-52,056,000","-53,583,000","-50,818,000","-46,124,000","-40,965,000","-51,781,000","-42,834,000","-36,578,000","-38,173,000","-36,397,000","-38,402,000","-44,480,000","-41,525,000","-38,306,000","-45,303,000","-42,251,000","-44,700,000","-59,533,000","-45,555,000","-55,604,000","-59,412,000","-83,295,000","-68,496,000","-79,826,000","-71,421,000","-75,013,000","-73,047,000","-71,989,000","-73,141,000","-71,268,000","-60,970,000","-54,751,000","-43,559,000","-33,291,000","-31,730,000","-27,155,000","-22,161,000","-21,150,000","-20,188,000","-18,245,000","-16,409,000","-20,336,000"
NormalizedIncome,"-81,414,000","-27,981,000","-29,625,000","-11,318,000","-12,490,000","-16,754,000","-8,906,000","-7,402,613","-8,017,000","-9,597,000","-11,681,000","-17,706,000","-11,140,000","-16,818,000","-11,112,000","-24,184,000","-27,153,550","-26,576,000","-31,377,000","-27,821,000","-27,697,000","-21,408,000","-17,714,000","113,335,000","-29,959,000","-24,873,000","-136,607,000","-30,808,000","-28,910,000","-30,658,000","-36,441,000","-36,520,000","-73,365,000","-52,056,000","-53,583,000","-50,818,000","-46,124,000","-40,965,000","-39,703,000","-40,208,012.904","-49,925,000","-39,555,000","-36,462,000","-38,481,000","-44,527,000","-42,875,000","-37,679,000","-47,251,000","-40,994,000","-43,910,000","-59,081,000","-45,704,000","-55,887,000","-59,483,000","-83,240,000","-68,489,000","-79,766,000","-71,481,000","-74,658,000","-73,109,000","-72,033,000","-73,193,000","-71,316,000","-61,021,000","-54,786,400","-43,608,998.852","-33,377,000","-31,701,000","-27,162,000","-22,169,400","-21,261,000","-20,228,000","-18,259,000","-16,441,400","-20,336,000"
InterestIncome,"486,000","377,000","48,000","36,000","25,000","3,000","2,000","18,000","14,000","133,000","203,000","220,000","255,000","318,000","196,000","144,000","55,000","106,000","115,000","65,000","58,000","55,000","15,000","28,000","26,000","15,000","10,000","2,000","3,000","3,000","5,000","1,000","1,000","1,000","4,000","2,000","1,000","1,000","5,000","0","1,000","1,000","0","0","2,000","15,000","18,000","16,000","3,000","3,000","3,000","9,000","27,000","31,000",,,,,,,,,,,,,,,,,,,,,
InterestExpense,"15,244,000","5,119,000","4,142,000","2,803,000","3,180,000","6,452,000","2,401,000","2,375,000","2,365,000","2,330,000","2,272,000","5,288,000","1,673,000","1,673,000","1,709,000","2,067,000","2,755,000","2,908,000","3,230,000","3,483,000","3,143,000","3,420,000","3,738,000","4,895,000","4,902,000","4,942,000","4,062,000","4,874,000","4,852,000","10,336,000","6,384,000","6,153,000","3,150,000","4,756,000","6,287,000","6,068,000","4,555,000","4,552,000","5,031,000","5,104,000","5,872,000","5,623,000","5,883,000","5,708,000","5,343,000","4,889,000","5,604,000","4,727,000","3,734,000","3,312,000","3,265,000","2,946,000","2,528,000","1,708,000",,,,,,,,,,,,,,,,,,,,,
NetInterestIncome,"-14,758,000","-4,742,000","-4,094,000","-2,767,000","-3,155,000","-6,449,000","-2,399,000","-2,357,000","-2,351,000","-2,197,000","-2,069,000","-5,068,000","-1,418,000","-1,355,000","-1,513,000","-1,923,000","-2,700,000","-2,802,000","-3,115,000","-3,418,000","-3,085,000","-3,365,000","-3,723,000","-4,867,000","-4,876,000","-4,927,000","-4,052,000","-4,872,000","-4,849,000","-10,333,000","-6,379,000","-6,152,000","-3,149,000","-4,755,000","-6,283,000","-6,066,000","-4,554,000","-4,551,000","-5,026,000","-5,104,000","-5,871,000","-5,622,000","-5,883,000","-5,708,000","-5,341,000","-4,874,000","-5,586,000","-4,711,000","-3,731,000","-3,309,000","-3,262,000","-2,937,000","-2,501,000","-1,677,000",,,,,,,,,,,,,,,,,,,,,
EBIT,"-78,764,000","-20,879,000","-23,919,000","-1,623,000","-32,343,000","-6,464,000","-24,010,000","-9,098,000","-7,887,000","-6,992,000","-11,991,000","-5,082,000","-10,714,000","-13,210,000","-8,042,000","-22,101,000","-19,680,000","-27,477,000","-29,503,000","-29,403,000","-32,196,000","-12,904,000","57,712,000","131,415,000","-25,057,000","-19,931,000","-272,957,000","-26,983,000","-24,058,000","-20,322,000","-30,057,000","-30,367,000","-70,215,000","-47,300,000","-47,296,000","-44,750,000","-41,569,000","-36,413,000","-46,750,000","-38,138,000","-30,706,000","-32,550,000","-30,514,000","-32,694,000","-39,137,000","-36,636,000","-32,702,000","-40,576,000","-38,517,000","-41,388,000","-56,268,000","-42,609,000","-53,076,000","-57,704,000","-76,688,000","-69,080,000","-80,864,000","-74,065,000","-79,067,000","-75,569,000","-75,393,000","-77,328,000","-71,798,000","-61,134,000","-55,777,000","-44,988,000","-35,046,000","-32,862,000","-27,567,000","-22,647,000","-21,696,000","-20,503,000","-18,382,000","-16,568,000","-11,564,000"
EBITDA,"-72,642,000"
ReconciledCostOfRevenue,"42,245,000","10,998,000","11,434,000","9,887,000","9,926,000","7,610,000","6,283,000","5,172,000","5,660,000","7,526,000","7,021,000","8,935,000","6,466,000","5,557,000","6,073,000","5,303,000","5,095,000","4,008,000","5,018,000","4,575,000","5,086,000","2,548,000","11,783,000","27,073,000",,,,,,,,,,,,,,,,"0","0","0","0","0","0","0","0","0","0","0","0","0","0","0",,,,,,,,,,,,,,,,,,,,,
ReconciledDepreciation,"6,122,000","1,613,000","1,973,000","1,161,000","1,375,000","964,000","808,000","837,000","861,000","820,000","844,000","-47,000","595,000","762,000","368,000","1,030,000","753,000","706,000","821,000","920,000","879,000","908,000","1,061,000","1,039,000","1,035,000","1,023,000","3,182,000","3,470,000","3,636,000","2,988,000","3,001,000","2,960,000","3,220,000","9,394,000","3,948,000","3,441,000","3,320,000","3,348,000","3,473,000","3,586,000","3,647,000","3,696,000","3,815,000","4,074,000","3,904,000","4,119,000","4,408,000","4,309,000","4,293,000","4,314,000","4,705,000","4,787,000","4,718,000","4,515,000","4,966,000","3,517,000","1,929,000","1,875,000","2,720,000","2,088,000","1,995,000","2,170,000","2,191,000","2,211,000","2,115,000","2,000,000","1,928,000","1,824,000","1,828,000","1,811,000","1,809,000","1,806,000","1,795,000","1,769,000",
NetIncomeFromContinuingOperationNetMinorityInterest,"-94,008,000","-25,998,000","-28,061,000","-4,426,000","-35,523,000","-12,916,000","-26,411,000","-11,255,000","-10,252,000","-9,322,000","-14,263,000","-10,370,000","-12,387,000","-14,883,000","-9,751,000","-24,168,000","-22,675,000","-30,385,000","-32,784,000","-32,886,000","-35,339,000","-16,324,000","53,974,000","126,520,000","-29,959,000","-24,873,000","-277,019,000","-31,857,000","-28,910,000","-30,658,000","-36,441,000","-36,520,000","-73,365,000","-52,056,000","-53,583,000","-50,818,000","-46,124,000","-40,965,000","-51,781,000","-42,834,000","-36,578,000","-38,173,000","-36,397,000","-38,402,000","-44,480,000","-41,525,000","-38,306,000","-45,303,000","-42,251,000","-44,700,000","-59,533,000","-45,555,000","-55,604,000","-59,412,000","-83,295,000","-68,496,000","-79,826,000","-71,421,000","-75,013,000","-73,047,000","-71,989,000","-73,141,000","-71,268,000","-60,970,000","-54,751,000","-43,559,000","-33,291,000","-31,730,000","-27,155,000","-22,161,000","-21,150,000","-20,188,000","-18,245,000","-16,409,000","-20,336,000"
TotalUnusualItemsExcludingGoodwill,"-12,594,000","1,983,000","1,564,000","6,892,000","-23,033,000","3,838,000","-17,505,000","-3,927,000","-2,235,000","275,000","-2,582,000","7,336,000","-1,247,000","1,935,000","1,361,000","16,000","6,135,000","-3,809,000","-2,345,000","-5,065,000","-7,642,000","5,084,000","71,688,000","13,185,000",,,"-140,412,000","-1,049,000",,,,"0","0","0","0","0","0","0","-12,078,000","-2,651,000","13,347,000","1,382,000","65,000","79,000","47,000","1,350,000","-627,000","1,948,000","-1,257,000","-790,000","-452,000","149,000","283,000","71,000","-55,000","-7,000","-60,000","60,000","-355,000","62,000","44,000","52,000","48,000","51,000","59,000","50,000","86,000","-29,000","7,000","14,000","111,000","40,000","14,000","54,000",
TotalUnusualItems,"-12,594,000","1,983,000","1,564,000","6,892,000","-23,033,000","3,838,000","-17,505,000","-3,927,000","-2,235,000","275,000","-2,582,000","7,336,000","-1,247,000","1,935,000","1,361,000","16,000","6,135,000","-3,809,000","-2,345,000","-5,065,000","-7,642,000","5,084,000","71,688,000","13,185,000",,,"-140,412,000","-1,049,000",,,,"0","0","0","0","0","0","0","-12,078,000","-2,651,000","13,347,000","1,382,000","65,000","79,000","47,000","1,350,000","-627,000","1,948,000","-1,257,000","-790,000","-452,000","149,000","283,000","71,000","-55,000","-7,000","-60,000","60,000","-355,000","62,000","44,000","52,000","48,000","51,000","59,000","50,000","86,000","-29,000","7,000","14,000","111,000","40,000","14,000","54,000",
NormalizedEBITDA,"-60,048,000","-21,249,000","-23,510,000","-7,354,000","-7,935,000","-9,338,000","-5,697,000","-4,334,000","-4,791,000","-6,447,000","-8,565,000","-12,418,000","-8,872,000","-14,383,000","-9,035,000","-21,087,000","-25,062,000","-22,962,000","-26,337,000","-23,418,000","-23,675,000","-17,080,000","-12,915,000","119,269,000","-24,022,000","-18,908,000","-129,363,000","-22,464,000","-20,422,000","-17,334,000","-27,056,000","-27,407,000","-66,995,000","-37,906,000","-43,348,000","-41,309,000","-38,249,000","-33,065,000","-31,199,000","-31,901,000","-40,406,000","-30,236,000","-26,764,000","-28,699,000","-35,280,000","-33,867,000","-27,667,000","-38,215,000","-32,967,000","-36,284,000","-51,111,000","-37,971,000","-48,641,000","-53,260,000","-71,667,000","-65,556,000","-78,875,000","-72,250,000","-75,992,000","-73,543,000","-73,442,000","-75,210,000","-69,655,000","-58,974,000","-53,721,000","-43,038,000","-33,204,000","-31,009,000","-25,746,000","-20,850,000","-19,998,000","-18,737,000","-16,601,000","-14,853,000","-11,564,000"
TaxRateForCalcs,"0","0","0","0","0","0","0","0.019","0","0","0","0","0","0","0","0","0.27","0","0.4","0","0","0","0","0","0","0","0","0","0","0","0","0","0","0","0","0","0","0","0","0.009","0","0","0","0","0","0","0","0","0","0","0","0","0","0","0","0","0","0","0","0","0","0","0","0","0.4","0","0","0","0","0.4","0","0","0","0.4","0.4"
TaxEffectOfUnusualItems,"0","0","0","0","0","0","0","-74,613","0","0","0","0","0","0","0","0","1,656,450","0","-938,000","0","0","0","0","0","0","0","0","0","0","0","0","0","0","0","0","0","0","0","0","-25,012.904","0","0","0","0","0","0","0","0","0","0","0","0","0","0","0","0","0","0","0","0","0","0","0","0","23,600","1.148","0","0","0","5,600","0","0","0","21,600","0"