name,ttm,03/31/2022,12/31/2021,09/30/2021,06/30/2021,03/31/2021,12/31/2020,09/30/2020,06/30/2020,03/31/2020,12/31/2019,09/30/2019,06/30/2019,03/31/2019,12/31/2018,09/30/2018,06/30/2018,03/31/2018,12/31/2017,09/30/2017,06/30/2017,03/31/2017,12/31/2016,09/30/2016,06/30/2016,03/31/2016,12/31/2015,09/30/2015,06/30/2015,03/31/2015,12/31/2014,09/30/2014,06/30/2014,03/31/2014,12/31/2013
TotalRevenue,"785,521,000","205,752,000","203,591,000","195,694,000","180,484,000","172,669,000","166,340,000","166,054,000","162,585,000","159,657,000","153,028,000","145,815,000","141,010,000","132,097,000","124,011,000","114,896,000","108,221,000","98,448,000","91,827,000","84,685,000","80,098,000","73,336,000","68,096,000","63,440,000","58,607,000","52,492,000","47,744,000","42,928,000","38,145,000","33,388,000","29,029,000","25,361,000","22,613,000","19,843,000","17,185,000"
	OperatingRevenue,"785,521,000","205,752,000","203,591,000","195,694,000","180,484,000","172,669,000","166,340,000","166,054,000","162,585,000","159,657,000","153,028,000","145,815,000","141,010,000","132,097,000","124,011,000","114,896,000","108,221,000","98,448,000","91,827,000","84,685,000","80,098,000","73,336,000","68,096,000","63,440,000","58,607,000","52,492,000","47,744,000","42,928,000","38,145,000","33,388,000","29,029,000","25,361,000","22,613,000","19,843,000","17,185,000"
CostOfRevenue,"256,279,000","63,960,000","68,793,000","64,262,000","59,264,000","57,125,000","45,968,000","45,198,000","33,273,000","28,073,000","26,402,000","25,149,000","23,613,000","21,696,000","20,206,000","18,447,000","17,050,000","16,383,000","15,671,000","15,694,000","14,977,000","13,930,000","12,627,000","11,778,000","11,655,000","10,621,000","9,744,000","8,952,000","7,866,000","6,801,000","5,940,000","5,029,000","4,032,000","3,378,000","2,935,000"
GrossProfit,"529,242,000","141,792,000","134,798,000","131,432,000","121,220,000","115,544,000","120,372,000","120,856,000","129,312,000","131,584,000","126,626,000","120,666,000","117,397,000","110,401,000","103,805,000","96,449,000","91,171,000","82,065,000","76,156,000","68,991,000","65,121,000","59,406,000","55,469,000","51,662,000","46,952,000","41,871,000","38,000,000","33,976,000","30,279,000","26,587,000","23,089,000","20,332,000","18,581,000","16,465,000","14,250,000"
OperatingExpense,"757,795,000","197,539,000","186,699,000","178,449,000","195,108,000","169,852,000","168,414,000","163,804,000","155,414,000","159,064,000","150,842,000","137,567,000","134,289,000","125,801,000","112,345,000","101,984,000","94,802,000","89,597,000","84,143,000","83,832,000","81,569,000","74,472,000","69,413,000","65,956,000","64,991,000","61,164,000","56,238,000","48,941,000","45,421,000","41,288,000","38,734,000","29,604,000","28,888,000","25,970,000","25,958,000"
	SellingGeneralAndAdministration,"545,939,000","139,143,000","133,337,000","127,081,000","146,378,000","126,246,000","122,641,000","119,176,000","114,570,000","117,763,000","112,455,000","103,435,000","99,950,000","93,689,000","86,163,000","78,022,000","72,199,000","69,951,000","65,989,000","65,566,000","63,303,000","58,505,000","55,036,000","51,215,000","49,022,000","46,155,000","44,223,000","38,325,000","36,667,000","33,923,000","32,324,000","24,268,000","23,976,000","21,686,000","21,480,000"
		GeneralAndAdministrativeExpense,"151,912,000","38,719,000","35,614,000","34,014,000","43,565,000","31,450,000","30,249,000","29,798,000","29,434,000","28,155,000","24,751,000","23,278,000","23,100,000","21,714,000","19,702,000","16,880,000","14,711,000","14,945,000","14,596,000","14,305,000","13,942,000","12,968,000","11,578,000","10,833,000","10,236,000","9,679,000","9,070,000","8,960,000","7,984,000","7,855,000","6,864,000","5,249,000","5,360,000","5,621,000","4,396,000"
			OtherGandA,"151,912,000","38,719,000","35,614,000","34,014,000","43,565,000","31,450,000","30,249,000","29,798,000","29,434,000","28,155,000","24,751,000","23,278,000","23,100,000","21,714,000","19,702,000","16,880,000","14,711,000","14,945,000","14,596,000","14,305,000","13,942,000","12,968,000","11,578,000","10,833,000","10,236,000","9,679,000","9,070,000","8,960,000","7,984,000","7,855,000","6,864,000","5,249,000","5,360,000","5,621,000","4,396,000"
		SellingAndMarketingExpense,"394,027,000","100,424,000","97,723,000","93,067,000","102,813,000","94,796,000","92,392,000","89,378,000","85,136,000","89,608,000","87,704,000","80,157,000","76,850,000","71,975,000","66,461,000","61,142,000","57,488,000","55,006,000","51,393,000","51,261,000","49,361,000","45,537,000","43,458,000","40,382,000","38,786,000","36,476,000","35,153,000","29,365,000","28,683,000","26,068,000","25,460,000","19,019,000","18,616,000","16,065,000","17,084,000"
	ResearchAndDevelopment,"211,856,000","58,396,000","53,362,000","51,368,000","48,730,000","43,606,000","45,773,000","44,628,000","40,844,000","41,301,000","38,387,000","34,132,000","34,339,000","32,112,000","26,182,000","23,962,000","22,603,000","19,646,000","18,154,000","18,266,000","18,266,000","15,967,000","14,377,000","14,741,000","15,969,000","15,009,000","12,015,000","10,616,000","8,754,000","7,365,000","6,410,000","5,336,000","4,912,000","4,284,000","4,478,000"
OperatingIncome,"-228,553,000","-55,747,000","-51,901,000","-47,017,000","-73,888,000","-54,308,000","-48,042,000","-42,948,000","-26,102,000","-27,480,000","-24,216,000","-16,901,000","-16,892,000","-15,400,000","-8,540,000","-5,535,000","-3,631,000","-7,532,000","-7,987,000","-14,841,000","-16,448,000","-15,066,000","-13,944,000","-14,294,000","-18,039,000","-19,293,000","-18,238,000","-14,965,000","-15,142,000","-14,701,000","-15,645,000","-9,272,000","-10,307,000","-9,505,000","-11,708,000"
NetNonOperatingInterestIncomeExpense,"-2,059,000","-614,000","-653,000","-504,000","-288,000","-5,199,000","-4,495,000","-3,996,000","-3,323,000","-2,497,000","-2,160,000","-1,877,000","-1,679,000","-1,670,000","-1,747,000","-2,338,000","-821,000","665,000","513,000","491,000","435,000","369,000","304,000","229,000","200,000","178,000","138,000","136,000","127,000","90,000","-7,000","-7,000","-10,000","-12,000","-12,000"
	InterestIncomeNonOperating,"2,862,000","625,000","575,000","724,000","938,000","1,153,000","1,734,000","2,220,000","2,781,000","3,538,000","3,793,000","4,011,000","4,140,000","4,077,000","3,922,000","3,259,000","1,845,000","687,000","534,000","512,000","457,000","393,000","325,000","250,000","221,000","199,000","158,000","149,000","141,000","111,000","47,000","7,000","5,000","3,000","3,000"
	InterestExpenseNonOperating,"4,921,000","1,239,000","1,228,000","1,228,000","1,226,000","6,352,000","6,229,000","6,216,000","6,104,000","6,035,000","5,953,000","5,888,000","5,819,000","5,747,000","5,669,000","5,597,000","2,666,000","22,000","21,000","21,000","22,000","24,000","21,000","21,000","21,000","21,000","20,000","13,000","14,000","21,000","54,000","14,000","15,000","15,000","15,000"
OtherIncomeExpense,"-1,170,000","-523,000","-268,000","-43,000","-336,000","-108,000","-811,000","-604,000","-395,000","106,000","-465,000","315,000","2,978,000","-92,000","-8,000","-435,000","-842,000","226,000","-45,000","-152,000","314,000","-55,000","-280,000","-126,000","-111,000","70,000","-163,000","-31,000","-2,000","-195,000","-381,000","67,000","134,000","-238,000","-181,000"
	OtherNonOperatingIncomeExpenses,"-1,170,000","-523,000","-268,000","-43,000","-336,000","-108,000","-811,000","-604,000","-395,000","106,000","-465,000","315,000","2,978,000","-92,000","-8,000","-435,000","-842,000","226,000","-45,000","-152,000","314,000","-55,000","-280,000","-126,000","-111,000","70,000","-163,000","-31,000","-2,000","-195,000","-381,000","67,000","134,000","-238,000","-181,000"
PretaxIncome,"-231,782,000","-56,884,000","-52,822,000","-47,564,000","-74,512,000","-59,615,000","-53,348,000","-47,548,000","-29,820,000","-29,871,000","-26,841,000","-18,463,000","-15,593,000","-17,162,000","-10,295,000","-8,308,000","-5,294,000","-6,641,000","-7,519,000","-14,502,000","-15,699,000","-14,752,000","-13,920,000","-14,191,000","-17,950,000","-19,045,000","-18,263,000","-14,860,000","-15,017,000","-14,806,000","-16,033,000","-9,212,000","-10,183,000","-9,755,000","-11,901,000"
TaxProvision,"323,000","-493,000","763,000","506,000","-453,000","-717,000","564,000","380,000","332,000","-1,307,000","894,000","660,000","-36,000","257,000","-106,000","225,000","321,000","325,000","210,000","189,000","235,000","241,000","-37,000","-61,000","121,000","149,000","92,000","-41,000","102,000","19,000","-104,000","0","0",,"0"
NetIncomeCommonStockholders,"-250,402,000","-55,513,000","-62,706,000","-53,769,000","-78,414,000","-61,677,000","-53,626,000","-47,551,000","-29,756,000","-27,959,000","-27,195,000","-18,614,000","-15,169,000","-16,839,000","-10,103,000","-8,336,000","-5,615,000","-6,966,000","-7,729,000","-14,691,000","-15,934,000","-14,993,000","-13,883,000","-14,130,000","-18,071,000","-19,194,000","-18,355,000","-14,819,000","-15,119,000","-14,825,000","-15,929,000","-9,212,000","-10,183,000","-9,755,000","-11,901,000"
	NetIncome,"-250,402,000","-55,513,000","-62,706,000","-53,769,000","-78,414,000","-61,677,000","-53,626,000","-47,551,000","-29,756,000","-27,959,000","-27,195,000","-18,614,000","-15,169,000","-16,839,000","-10,103,000","-8,336,000","-5,615,000","-6,966,000","-7,729,000","-14,691,000","-15,934,000","-14,993,000","-13,883,000","-14,130,000","-18,071,000","-19,194,000","-18,355,000","-14,819,000","-15,119,000","-14,825,000","-15,929,000","-9,212,000","-10,183,000","-9,755,000","-11,901,000"
		NetIncomeIncludingNoncontrollingInterests,"-232,105,000","-56,391,000","-53,585,000","-48,070,000","-74,059,000","-58,898,000","-53,912,000","-47,928,000","-30,152,000","-28,564,000","-27,735,000","-19,123,000","-15,557,000","-17,419,000","-10,189,000","-8,533,000","-5,615,000","-6,966,000","-7,729,000","-14,691,000","-15,934,000","-14,993,000","-13,883,000","-14,130,000","-18,071,000","-19,194,000","-18,355,000","-14,819,000","-15,119,000","-14,825,000","-15,929,000","-9,212,000","-10,183,000","-9,755,000","-11,901,000"
			NetIncomeContinuousOperations,"-232,105,000","-56,391,000","-53,585,000","-48,070,000","-74,059,000","-58,898,000","-53,912,000","-47,928,000","-30,152,000","-28,564,000","-27,735,000","-19,123,000","-15,557,000","-17,419,000","-10,189,000","-8,533,000","-5,615,000","-6,966,000","-7,729,000","-14,691,000","-15,934,000","-14,993,000","-13,883,000","-14,130,000","-18,071,000","-19,194,000","-18,355,000","-14,819,000","-15,119,000","-14,825,000","-15,929,000","-9,212,000","-10,183,000","-9,755,000","-11,901,000"
		MinorityInterests,"-18,297,000","878,000","-9,121,000","-5,699,000","-4,355,000","-2,779,000","286,000","377,000","396,000","605,000","540,000","509,000","388,000","580,000","86,000","197,000",,,,,,,,,,,,,,,,,,,
DilutedNIAvailtoComStockholders,"-250,402,000","-55,513,000","-62,706,000","-53,769,000","-78,414,000","-61,677,000","-53,626,000","-47,551,000","-29,756,000","-27,959,000","-27,195,000","-18,614,000","-15,169,000","-16,839,000","-10,103,000","-8,336,000","-5,615,000","-6,966,000","-7,729,000","-14,691,000","-15,934,000","-14,993,000","-13,883,000","-14,130,000","-18,071,000","-19,194,000","-18,355,000","-14,819,000","-15,119,000","-14,825,000","-15,929,000","-9,212,000","-10,183,000","-9,755,000","-11,901,000"
BasicEPS,,"-0.84","-0.96","-0.84","-1.24","-0.98","-0.88","-0.79","-0.5","-0.47","-0.46","-0.32","-0.26","-0.3","-0.18","-0.15","-0.1","-0.13","-0.14","-0.27","-0.3","-0.28","-0.27","-0.28","-0.36","-0.39","-0.37","-0.31","-0.32","-0.32","-0.7","-0.2","-0.25",,"-0.292"
DilutedEPS,,"-0.84","-0.96","-0.84","-1.24","-0.98","-0.88","-0.79","-0.5","-0.47","-0.46","-0.32","-0.26","-0.3","-0.18","-0.15","-0.1","-0.13","-0.14","-0.27","-0.3","-0.28","-0.27","-0.28","-0.36","-0.39","-0.37","-0.31","-0.32","-0.32","-0.7","-0.2","-0.25",,"-0.292"
BasicAverageShares,,"65,780,000","64,983,000","64,277,000","63,339,000","62,621,000","61,209,000","60,545,000","59,927,000","59,351,000","58,733,000","58,372,000","57,944,000","56,917,000","57,096,000","56,706,000","56,183,000","55,669,000","55,196,000","54,699,000","53,697,000","52,991,000","52,328,000","51,328,000","50,224,000","49,644,000","48,953,000","48,150,000","47,190,000","46,984,000","22,847,000","46,095,833","40,810,000",,"40,810,000"
DilutedAverageShares,,"65,780,000","64,983,000","64,277,000","63,339,000","62,621,000","61,209,000","60,545,000","59,927,000","59,351,000","58,733,000","58,372,000","57,944,000","56,917,000","57,096,000","56,706,000","56,183,000","55,669,000","55,196,000","54,699,000","53,697,000","52,991,000","52,328,000","51,328,000","50,224,000","49,644,000","48,953,000","48,150,000","47,190,000","46,984,000","22,847,000","46,095,833","40,810,000",,"40,810,000"
TotalOperatingIncomeAsReported,"-228,553,000","-55,747,000","-51,901,000","-47,017,000","-73,888,000","-54,308,000","-48,042,000","-42,948,000","-26,102,000","-27,480,000","-24,216,000","-16,901,000","-16,892,000","-15,400,000","-8,540,000","-5,535,000","-3,631,000","-7,532,000","-7,987,000","-14,841,000","-16,448,000","-15,066,000","-13,944,000","-14,294,000","-18,039,000","-19,293,000","-18,238,000","-14,965,000","-15,142,000","-14,701,000","-15,645,000","-9,272,000","-10,307,000","-9,505,000","-11,708,000"
TotalExpenses,"1,014,074,000","261,499,000","255,492,000","242,711,000","254,372,000","226,977,000","214,382,000","209,002,000","188,687,000","187,137,000","177,244,000","162,716,000","157,902,000","147,497,000","132,551,000","120,431,000","111,852,000","105,980,000","99,814,000","99,526,000","96,546,000","88,402,000","82,040,000","77,734,000","76,646,000","71,785,000","65,982,000","57,893,000","53,287,000","48,089,000","44,674,000","34,633,000","32,920,000","29,348,000","28,893,000"
NetIncomeFromContinuingAndDiscontinuedOperation,"-250,402,000","-55,513,000","-62,706,000","-53,769,000","-78,414,000","-61,677,000","-53,626,000","-47,551,000","-29,756,000","-27,959,000","-27,195,000","-18,614,000","-15,169,000","-16,839,000","-10,103,000","-8,336,000","-5,615,000","-6,966,000","-7,729,000","-14,691,000","-15,934,000","-14,993,000","-13,883,000","-14,130,000","-18,071,000","-19,194,000","-18,355,000","-14,819,000","-15,119,000","-14,825,000","-15,929,000","-9,212,000","-10,183,000","-9,755,000","-11,901,000"
NormalizedIncome,"-250,402,000","-55,513,000","-62,706,000","-53,769,000","-78,414,000","-61,677,000","-53,626,000","-47,551,000","-29,756,000","-27,959,000","-27,195,000","-18,614,000","-15,169,000","-16,839,000","-10,103,000","-8,336,000","-5,615,000","-6,966,000","-7,729,000","-14,691,000","-15,934,000","-14,993,000","-13,883,000","-14,130,000","-18,071,000","-19,194,000","-18,355,000","-14,819,000","-15,119,000","-14,825,000","-15,929,000","-9,212,000","-10,183,000","-9,755,000","-11,901,000"
InterestIncome,"2,862,000","625,000","575,000","724,000","938,000","1,153,000","1,734,000","2,220,000","2,781,000","3,538,000","3,793,000","4,011,000","4,140,000","4,077,000","3,922,000","3,259,000","1,845,000","687,000","534,000","512,000","457,000","393,000","325,000","250,000","221,000","199,000","158,000","149,000","141,000","111,000","47,000","7,000","5,000","3,000","3,000"
InterestExpense,"4,921,000","1,239,000","1,228,000","1,228,000","1,226,000","6,352,000","6,229,000","6,216,000","6,104,000","6,035,000","5,953,000","5,888,000","5,819,000","5,747,000","5,669,000","5,597,000","2,666,000","22,000","21,000","21,000","22,000","24,000","21,000","21,000","21,000","21,000","20,000","13,000","14,000","21,000","54,000","14,000","15,000","15,000","15,000"
NetInterestIncome,"-2,059,000","-614,000","-653,000","-504,000","-288,000","-5,199,000","-4,495,000","-3,996,000","-3,323,000","-2,497,000","-2,160,000","-1,877,000","-1,679,000","-1,670,000","-1,747,000","-2,338,000","-821,000","665,000","513,000","491,000","435,000","369,000","304,000","229,000","200,000","178,000","138,000","136,000","127,000","90,000","-7,000","-7,000","-10,000","-12,000","-12,000"
EBIT,"-226,861,000","-55,645,000","-51,594,000","-46,336,000","-73,286,000","-53,263,000","-47,119,000","-41,332,000","-23,716,000","-23,836,000","-20,888,000","-12,575,000","-9,774,000","-11,415,000","-4,626,000","-2,711,000","-2,628,000","-6,619,000","-7,498,000","-14,481,000","-15,677,000","-14,728,000","-13,899,000","-14,170,000","-17,929,000","-19,024,000","-18,243,000","-14,847,000","-15,003,000","-14,785,000","-15,979,000","-9,198,000","-10,168,000","-9,740,000","-11,886,000"
EBITDA,"-140,796,000"
ReconciledCostOfRevenue,"256,279,000","63,960,000","68,793,000","64,262,000","59,264,000","57,125,000","45,968,000","45,198,000","33,273,000","28,073,000","26,402,000","25,149,000","23,613,000","21,696,000","20,206,000","18,447,000","17,050,000","16,383,000","15,671,000","15,694,000","14,977,000","13,930,000","12,627,000","11,778,000","11,655,000","10,621,000","9,744,000","8,952,000","7,866,000","6,801,000","5,940,000","5,029,000","4,032,000","3,378,000","2,935,000"
ReconciledDepreciation,"86,065,000","19,278,000","21,361,000","22,401,000","23,025,000","22,997,000","22,911,000","22,353,000","21,051,000","19,506,000","18,969,000","21,098,000","16,170,000","15,209,000","13,762,000","12,622,000","12,201,000","5,937,000","5,753,000","5,821,000","5,732,000","5,449,000","4,823,000","4,311,000","4,222,000","4,061,000","4,041,000","3,716,000","3,301,000","2,955,000","2,599,000","1,929,000","1,561,000","1,403,000","1,234,000"
NetIncomeFromContinuingOperationNetMinorityInterest,"-250,402,000","-55,513,000","-62,706,000","-53,769,000","-78,414,000","-61,677,000","-53,626,000","-47,551,000","-29,756,000","-27,959,000","-27,195,000","-18,614,000","-15,169,000","-16,839,000","-10,103,000","-8,336,000","-5,615,000","-6,966,000","-7,729,000","-14,691,000","-15,934,000","-14,993,000","-13,883,000","-14,130,000","-18,071,000","-19,194,000","-18,355,000","-14,819,000","-15,119,000","-14,825,000","-15,929,000","-9,212,000","-10,183,000","-9,755,000","-11,901,000"
NormalizedEBITDA,"-140,796,000","-36,367,000","-30,233,000","-23,935,000","-50,261,000","-30,266,000","-24,208,000","-18,979,000","-2,665,000","-4,330,000","-1,919,000","8,523,000","6,396,000","3,794,000","9,136,000","9,911,000","9,573,000","-682,000","-1,745,000","-8,660,000","-9,945,000","-9,279,000","-9,076,000","-9,859,000","-13,707,000","-14,963,000","-14,202,000","-11,131,000","-11,702,000","-11,830,000","-13,380,000","-7,269,000","-8,607,000","-8,337,000","-10,652,000"
TaxRateForCalcs,"0.4","0.009","0.27","0.27","0.006","0.012","0.27","0.27","0.27","0.044","0.27","0.27","0.002","0.27","0.01","0.27","0.27","0.27","0.4","0.4","0.4","0.4","0.003","0.004","0.4","0.4","0.4","0.003","0.4","0.4","0.006","0","0","0","0"
TaxEffectOfUnusualItems,"0","0","0","0","0","0","0","0","0","0","0","0","0","0","0","0","0","0","0","0","0","0","0","0","0","0","0","0","0","0","0","0","0","0","0"