name,ttm,03/31/2022,12/31/2021,09/30/2021,06/30/2021,03/31/2021,12/31/2020,09/30/2020,06/30/2020,03/31/2020,12/31/2019,09/30/2019,06/30/2019,03/31/2019,12/31/2018,09/30/2018,06/30/2018,03/31/2018,12/31/2017,09/30/2017,06/30/2017,03/31/2017,12/31/2016,09/30/2016,06/30/2016,03/31/2016,12/31/2015,09/30/2015,06/30/2015,03/31/2015,12/31/2014,09/30/2014,06/30/2014,03/31/2014,12/31/2013,09/30/2013,06/30/2013,03/31/2013,12/31/2012,09/30/2012,06/30/2012,03/31/2012,12/31/2011,09/30/2011,06/30/2011,03/31/2011,12/31/2010,09/30/2010,06/30/2010,03/31/2010,12/31/2009,09/30/2009,06/30/2009,03/31/2009,12/31/2008,09/30/2008,06/30/2008,03/31/2008,12/31/2007,09/30/2007,06/30/2007,03/31/2007,12/31/2006,09/30/2006,06/30/2006,03/31/2006,12/31/2005,09/30/2005,06/30/2005,03/31/2005,12/31/2004,09/30/2004,06/30/2004,03/31/2004,12/31/2003,09/30/2003,06/30/2003,03/31/2003,12/31/2002,09/30/2002,06/30/2002,03/31/2002,12/31/2001,09/30/2001,06/30/2001,03/31/2001,12/31/2000,09/30/2000,06/30/2000,03/31/2000,09/30/1999
TotalRevenue,"1,274,218,000","456,458,000","332,373,000","259,670,000","225,717,000","157,332,000","99,516,000","73,683,000","20,667,000","130,204,000","160,710,000","157,992,000","149,849,000","132,689,000","152,567,433","145,417,293","109,048,687","86,884,914","72,479,594","54,261,912","48,388,850","48,855,964","47,084,859","41,727,844","42,537,174","28,372,353","39,349,118","49,789,790","63,074,242","50,461,355","94,458,654","119,194,188","121,158,316","96,802,970","99,167,114","107,233,436","79,650,952","83,180,020","80,387,724","80,702,787","70,503,175","65,223,502","53,301,854","43,769,357","35,586,097","27,067,434","26,237,076","9,883,821","16,231,773","7,221,514","6,432,175","4,855,972","2,275,084","658,268","1,128,782","1,362,655","764,528","287,029",,,,,,,,,,,,,,,,,,"0","0","0","0","0","0","0","0","0","0","0","0","0","0","0","0"
	OperatingRevenue,"1,274,215,000","456,458,000","332,372,000","259,669,000","225,717,000","157,331,000","99,511,000","73,680,000","20,664,000","130,196,000","160,699,000","157,989,000","149,847,000","132,684,000","152,565,878","145,415,698","109,046,878","86,880,814","72,476,191","54,257,591","48,381,006","48,848,222","47,076,501","41,719,194","42,527,847","28,367,341","39,340,256","49,779,903","63,064,333","50,454,148","94,455,405","119,191,594","121,155,047","96,802,970","99,160,226","107,232,064","79,623,169","83,171,661","80,208,393","80,702,787","70,503,175","65,223,502","53,301,854","43,769,357","35,586,097","27,067,434","26,237,076","9,883,821","16,231,773","7,221,514","6,015,297","5,146,972","2,418,496","640,734","1,128,782","1,362,655","764,528","285,729",,,,,,,,,,,,,,,,,,"0","0","0","0","0","0","0","0","0","0","0","0","0","0","0","0"
CostOfRevenue,"451,954,000","142,341,000","118,441,000","99,053,000","92,121,000","78,986,000","70,007,000","61,881,000","65,311,000","111,040,000","114,990,000","103,304,000","86,257,000","82,320,000","83,411,294","61,998,195","47,276,793","39,041,365","37,585,790","33,027,959","30,259,766","28,963,756","29,722,118","28,663,962","31,479,548","32,572,248","40,150,670","49,286,129","57,182,394","64,825,237","74,792,686","72,431,983","67,458,959","57,569,551","59,932,006","53,506,819","44,486,244","43,214,960","116,334,982","16,827,479","13,950,257","12,592,233","8,613,284","8,172,266","5,926,583","4,632,220","3,513,180","2,689,377","1,585,704","978,196","920,084","673,410","309,151","152,704","43,458","18,078","8,020","13,492",,,,,,,,,,,,,,,,,,"0","0","0","0","0","0","0","0","0","0","0","0","0","0","0","0"
GrossProfit,"822,264,000","314,117,000","213,932,000","160,617,000","133,596,000","78,346,000","29,509,000","11,802,000","-44,644,000","19,164,000","45,720,000","54,688,000","63,592,000","50,369,000","69,156,139","83,419,098","61,771,894","47,843,549","34,893,804","21,233,953","18,129,084","19,892,208","17,362,741","13,063,882","11,057,626","-4,199,895","-801,552","503,661","5,891,848","-14,363,882","19,665,968","46,762,205","53,699,357","39,233,419","39,235,108","53,726,617","35,164,708","39,965,060","-35,947,258","63,875,308","56,552,918","52,631,269","44,688,570","35,597,091","29,659,514","22,435,214","22,723,896","7,194,444","14,646,069","6,243,318","5,512,091","4,182,562","1,965,933","505,564","1,085,324","1,344,577","756,508","273,537",,,,,,,,,,,,,,,,,,"0","0","0","0","0","0","0","0","0","0","0","0","0","0","0","0"
OperatingExpense,"37,372,000","13,813,000","10,463,000","5,490,000","7,604,000","6,782,000","4,361,000","4,605,000","4,710,000","4,871,000","8,118,000","4,206,000","5,250,000","6,051,000","4,975,781","4,674,467","3,251,239","1,666,875","3,075,999","7,985,719","4,317,139","3,608,943","3,735,671","2,098,293","4,586,275","4,337,402","5,817,992","4,614,771","4,256,436","4,352,806","4,924,825","4,698,972","3,980,819","3,997,690","4,507,001","4,164,335","3,946,507","4,019,053","-67,984,470","37,548,835","30,063,544","23,103,599","18,483,542","14,906,750","11,177,107","10,227,111","10,650,646","5,470,108","4,547,861","3,618,740","2,920,268","1,856,905","1,299,766","974,362","602,627","627,879","568,467","557,083","3,011,263","309,487","889,072","297,719","1,917","1,050","680","4,109","26,627","1,032","2,235","7,373","17,208","10,668","1,807","401","440","330","1,697","405","173","580","295","1,964","224","229","229","2,016","3,294","225","1,139","3,118","230"
	SellingGeneralAndAdministration,"37,372,000","13,813,000","10,463,000","5,490,000","7,604,000","6,782,000","4,361,000","4,605,000","4,710,000","4,871,000","8,118,000","4,206,000","5,250,000","6,051,000","4,975,781","4,674,467","3,251,239","1,666,875","3,075,999","7,985,719","4,317,139","3,608,943","3,735,671","2,098,293","4,586,275","4,337,402","5,817,992","4,614,771","4,256,436","4,352,806","4,924,825","4,698,972","3,980,819","3,997,690","4,507,001","4,164,335","3,915,298","3,988,806","4,076,619","9,467,711","4,419,607","4,681,378","3,510,897","4,073,988","2,749,418","3,290,589","1,961,860","1,624,071","1,911,543","1,706,968","431,995","896,877","555,316","568,635","817,567","355,103","410,736","507,883","3,011,263","309,487","889,072","297,719","1,917","1,050","680","4,109","1,627","1,032","2,235","7,373","17,208","10,668","1,807","401","440","330","1,697","405","173","580","295","1,964","224","229","229","2,016","3,294","225","1,139","3,118","230"
		GeneralAndAdministrativeExpense,"37,372,000","13,813,000","10,463,000","5,490,000","7,604,000","6,782,000","4,361,000","4,605,000","4,710,000","4,871,000","8,118,000","4,206,000","5,250,000","6,051,000","4,975,781","4,674,467","3,251,239","1,666,875","3,075,999","7,985,719","4,317,139","3,608,943","3,735,671","2,098,293","4,586,275","4,337,402","5,817,992","4,614,771","4,256,436","4,352,806","4,924,825","4,698,972","3,980,819","3,997,690","4,507,001","4,164,335","3,915,298","3,988,806","4,076,619","9,467,711","4,419,607","4,681,378",,"4,073,988","2,749,418","3,290,589","1,961,860","1,624,071","1,911,543","1,706,968","431,995","896,877","555,316","568,635",,,,,,,,,,,,,,,,,,,,,,,,,,,,,,,,,,,,,
			SalariesAndWages,,,,,,,,,,,,,,,,,,,,,,,,,,,,,,,,,,,,,,,,,,,,,,,,,"1,193,072","813,297",,,,,,,,,,,,,,,,,,,,,,,,,,,,,,,,,,,,,,,,,
			OtherGandA,"37,372,000","13,813,000","10,463,000","5,490,000","7,604,000","6,782,000","4,361,000","4,605,000","4,710,000","4,871,000","8,118,000","4,206,000","5,250,000","6,051,000","4,975,781","4,674,467","3,251,239","1,666,875","3,075,999","7,985,719","4,317,139","3,608,943","3,735,671","2,098,293","4,586,275","4,337,402","5,817,992","4,614,771","4,256,436","4,352,806","4,924,825","4,698,972","3,980,819","3,997,690","4,507,001","4,164,335","3,915,298","3,988,806",,,,,,,,,,,"718,471","893,671",,,,,,,,,,,,,,,,,,,,,,,,,,,,,,,,,,,,,,,,,
	DepreciationAmortizationDepletionIncomeStatement,,,,,,,,,,,,,,,,,"22,596,028","18,630,629","17,631,875","15,357,685","13,682,452","12,828,143","13,523,186","13,698,020","16,176,863","17,846,089","24,140,489","31,670,479","36,745,805","45,213,039","48,924,152",,"42,212,250","36,100,921","38,927,949","32,103,607","26,527,917","26,762,446","26,750,927","28,057,415","25,622,116","18,406,589","14,936,895","10,824,981","8,419,895","6,931,792","8,697,808","3,828,012","2,627,103","1,908,235","2,488,273","958,722","742,373","404,333","480,772","203,103","119,489","49,200",,,,,,,,,,,,,,,,,,,,,,,,,,,,,,,,,
		DepreciationAndAmortizationInIncomeStatement,,,,,,,,,,,,,,,,,,,,,,,,,,,,,,,,,,,,,"92,867","94,275","105,662","104,830","102,307","97,089","83,932","75,597","70,295","68,313","-8,186,755","3,828,012","2,627,103","1,908,235","2,488,273","958,722","742,373","404,333","480,772","203,103","119,489","49,200",,,,,,,,,,,,,,,,,,,,,,,,,,,,,,,,,
		DepletionIncomeStatement,,,,,,,,,,,,,,,,,,,,,,,,,,,,,,,,,,,,,"26,435,050","26,668,171","26,645,265","27,952,585","25,519,809","18,309,500","14,852,963","10,749,384","8,349,600","6,863,479",,,,,,,,,,,,,,,,,,,,,,,,,,,,,,,,,,,,,,,,,,,,,
	OtherTaxes,,,,,,,,,,,,,,,,,"10,131,843",,,"5,064,761","4,439,774",,,,,,,,,,,,,,,,,,,,,,,,,,,,,,,,,,"83,173","69,673","38,242",,,,,,,,,,,,,,,,,,,,,,,,,,,,,,,,,,
	OtherOperatingExpenses,,,,,,,,,,,,,,,,,"14,548,922","-166,635",,,,,,,,,,,,,,,,,,,"31,209","30,247","25,031","23,709","21,821","15,632","35,750","7,781","7,794","4,730","-9,022","18,025","9,215","3,537",,"1,306","2,077","1,394",,,,,,,,,,,,,,,,,,,,,,,,,,,,,,,,,,,,,
OperatingIncome,"784,892,000","300,304,000","203,469,000","155,127,000","125,992,000","71,564,000","25,148,000","7,197,000","-49,354,000","14,293,000","37,602,000","50,482,000","58,342,000","44,318,000","64,180,358","78,744,631","58,520,655","46,176,674","31,817,805","13,248,234","13,811,945","16,283,265","13,627,070","10,965,589","6,471,351","-8,537,297","-6,619,544","-4,111,110","1,635,412","-18,716,688","14,741,143","42,063,233","49,718,538","35,235,729","34,728,107","49,562,282","31,218,201","35,946,007","32,037,212","26,326,473","26,489,374","29,527,670","26,205,028","20,690,341","18,482,407","12,208,103","12,073,250","1,724,336","10,098,208","2,624,578","2,591,823","2,325,657","666,167","-468,798","482,697","716,698","188,041","-283,546","-3,011,263","-309,487","-889,072","-297,719","-1,917","-1,050","-680","-4,109","-26,627","-1,032","-2,235","-7,373","-17,208","-10,668","-1,807","-401","-440","-330","-1,697","-405","-173","-580","-295","-1,964","-224","-229","-229","-2,016","-3,294","-225","-1,139","-3,118","-230"
NetNonOperatingInterestIncomeExpense,"-63,487,000","-17,977,000","-15,900,000","-14,586,000","-15,024,000","-13,510,000","-13,358,000","-14,637,000","-13,957,000","-16,551,000","-21,840,000","-21,510,000","-17,778,000","-19,548,000","-20,940,722","-20,438,025","-22,403,373","-23,106,761","-20,881,740","-16,672,632","-16,428,164","-16,303,805","-16,195,176","-16,145,440","-16,046,325","-16,098,682","-16,081,987","-16,154,160","-14,387,693","-11,736,547","-11,255,672","-10,624,246","-10,326,789","-9,898,968","-9,568,631","-9,212,834","-7,819,591","-6,108,000","-5,744,627","-5,205,716","-2,727,404","-195,899","-160,170","-180,800",,,,,,,,,,,,,,,,,,,,,,,,,,,,,,,,,,,,,,,,,,,,,,,
	InterestIncomeNonOperating,,,,,,,,,,,,,,,,,,,,,,,,,,,,,,,,,,,,,,,"57","106","700","400","125","1,699",,,,,,,,,,,,,,,,,,,,,,,,,,,,,,,,,,,,,,,,,,,,,,,
	InterestExpenseNonOperating,"63,487,000","17,977,000","15,900,000","14,586,000","15,024,000","13,510,000","13,358,000","14,637,000","13,957,000","16,551,000","21,840,000","21,510,000","17,778,000","19,548,000","20,940,722","20,438,025","22,403,373","23,106,761","20,881,740","16,672,632","16,428,164","16,303,805","16,195,176","16,145,440","16,046,325","16,098,682","16,081,987","16,154,160","14,387,693","11,736,547","11,255,672","10,624,246","10,326,789","9,898,968","9,568,631","9,212,834","7,819,591","6,108,000","5,744,684","5,205,822","2,728,104","196,299","160,295","182,499",,,,,,,,,,,,,,,,,,,,,,,,,,,,,,,,,,,,,,,,,,,,,,,
	TotalOtherFinanceCost,,,,,,,,,,,"1,447,000",,,,"883,698",,,,,,,,,,,,,,,,,,,,,"9,212,834",,,,,,,,,,,,,,,,,,,,,,,,,,,,,,,,,,,,,,,,,,,,,,,,,,,,,,,
OtherIncomeExpense,"-830,225,000","-488,098,000","-12,608,000","-127,987,000","-201,531,000","-148,411,000","-153,913,000","-225,564,000","-835,889,000","370,377,000","-123,698,000","65,407,000","3,835,000","-131,932,000","174,997,627","-39,328,033","-132,663,980","-20,104,816","-36,354,770","-12,663,069","16,418,078","16,961,063","-11,164,471","-40,439,044","-99,403,688","-101,929,775","-149,611,842","-303,054,306","-304,174,946","-334,765,337","163,064,850","61,596,323","-46,554,199","-14,646,998","2,746,462","-37,618,544","16,243,063","-15,281,874","1,382,571","-20,607,174","48,704,426","-14,700,510","-26,315,646","25,280,681","15,010,493","-23,773,645","-14,834,672","-117,110","-144,342","-87,948","-1,239,640","321,589","-139,243","-43,527","813,902","155,121","95,424","97,569","141,914","42,189","-425,136","10,133","0","0","0","0","0",,"50,000","0","0",,"0","0","0","0",,,"0","0","0","0","0","0","0","0","0","0",,"0","0"
	GainOnSaleOfSecurity,"-829,553,000","-488,098,000","-12,594,000","-128,071,000","-200,791,000","-135,695,000","-49,255,000","-26,137,000","-73,390,000","375,904,000","-101,698,000","75,869,000","31,718,000","-133,336,000","276,967,505","-30,085,221","-42,202,788","-20,271,451","-35,477,317","-12,663,253","16,513,032","16,960,883","-11,141,232","3,381,564","-10,522,948","3,463,883","17,563,910","51,366,762","-22,211,048","25,663,283","163,063,280","61,583,301","-46,556,303","-14,677,663","2,762,671","-37,449,236","16,510,851","-15,281,938","1,358,960","-20,607,174","48,704,426","-14,700,510","-26,315,646","25,280,681","15,240,001","-24,540,685",,,,,,,,,,,,,,,,,,,,,,,,,,,,,,,,,,,,,,,,,,,,,
	SpecialIncomeCharges,"-660,000","0","0","82,000","-744,000","-12,719,000","-104,632,000","-197,897,000","-762,499,000","-5,527,000","-22,070,000","-10,537,000","-27,882,000","1,392,000","-102,023,037","-9,542,206","-90,832,975",,"-992,950","0","0","0","0","-43,820,791","-88,880,921","-104,311,122","-167,143,533","-354,422,654","-281,964,097","-360,428,962","1,570",,"2,104","30,665","-16,209","-169,308","-267,788","64","23,611","0","0","0","0","0","-229,508","767,040","180,412","-117,110","-144,342","-87,948","-1,239,640","321,589","-139,243",,"813,902","155,121","95,424","97,569","141,914","42,189","-425,136","10,133",,,,,"0",,"50,000",,,,,,,,,,,,,,,,,,,,,,
		RestructuringAndMergernAcquisition,"167,000","0","0","-82,000","250,000","125,000","169,000","0","0","0","879,000","5,262,000","24,763,000","-1,392,000","28,968,176",,,,,,,,,,,,,,,,,,,,,,,,,,,,,,,,,,,,,,,,,,,,,,,,,,,,,,,,,,,,,,,,,,,,,,,,,,,,
		ImpairmentOfCapitalAssets,,,"0","0","0",,"104,463,000","199,489,000","762,716,000",,,,,,,,,,"0","0","0","0","0","43,820,791","88,880,921","104,311,122","167,143,533","354,422,654","281,964,097","360,428,962",,,,,,,,,,,,,,,,,,,,,,,,,,,,,,,,,,,,,,,,,,,,,,,,,,,,,,,,,,,,,
		WriteOff,,,"0","0",,,"0","0","0",,"-1,571,000","5,275,000","2,694,000",,"0","0","0",,"0","0","95,135","0","0","0","0","1,089,507",,,,,,,,,,,,,,,,,,,,,,,,,,,,,,,,,,,,,,,,,,,,,,,,,,,,,,,,,,,,,,,,,
		OtherSpecialCharges,,,"0",,"494,000","12,594,000","0","-1,592,000","-217,000","5,527,000","22,762,000",,"425,000",,"73,054,861","9,542,206","90,832,975",,"992,950","-184","-181","-180","23,239","-183","-181","-6,971","32,219","-1,586","-199","-342",,,,,,,,"-64",,,,,,,,,,,,,,,,,,,,,,,,,,,,,,,,,,,,,,,,,,,,,,,,,,,,,
	OtherNonOperatingIncomeExpenses,,,"-14,000","2,000","4,000","3,000","-26,000","-1,530,000",,,"70,000","75,000","-1,000","12,000","53,159","299,394","371,783","166,635","115,497","184","-94,954","180","-23,239","183","181","-1,082,536","-32,219","1,586","199","342","1,570","13,022","2,104","30,665","-16,209","-169,308","-267,788","64",,,,,,,,,,,,,,,,,,,,,,,,,,,,,,,,,,,,,,,,,,,,,,,,,,,,,
PretaxIncome,"-108,820,000","-205,771,000","174,961,000","12,554,000","-90,563,000","-90,357,000","-142,123,000","-233,004,000","-899,200,000","368,120,000","-107,937,000","94,381,000","44,399,000","-107,162,000","218,237,263","18,978,573","-96,546,698","2,965,097","-25,418,705","-16,087,467","13,801,859","16,940,523","-13,732,577","-45,618,895","-108,978,662","-126,565,754","-172,313,373","-323,319,576","-316,927,227","-365,218,572","166,550,321","93,035,310","-7,162,450","10,689,763","27,905,938","2,730,904","39,641,673","14,556,133","27,675,156","513,583","72,466,396","14,631,261","-270,788","45,790,222","33,492,900","-11,565,542","-2,761,422","1,607,226","9,953,866","2,536,630","1,352,183","2,647,246","526,924","-512,325","518,744","871,819","283,465","-187,277","-2,869,349","-267,298","-1,094,810","-287,586","-1,917","-1,050","-680","-4,109","-1,627","-1,032","22,765","-7,373","-17,208","-10,668","-1,807","-401","-440","-330","-1,697","-405","-173","-580","-295","-1,964","-224","-229","-229","-2,016","-3,294","-225","-1,139","-3,118","-230"
TaxProvision,"1,022,000","789,000","233,000","0","0","0","0","0","0","-166,000","0","0","0","0","-55,000","0","0","0","-1,570,016","0","0","0","-1,402,179","0","0","0","-50","-77,544","-66,866,610","-135,480,000","62,967,000","35,050,000","-2,750,000","4,100,000","10,505,000","1,028,000","14,630,000","5,604,614","8,123,000","213,422","28,840,000","5,825,350","1,110,000","17,173,000","13,060,000","-4,507,700","-1,011,000","620,000","3,833,000","977,000","301,000","1,059,000","211,000","-205,000",,,,,,,,,,,,,,,,,,,,,,"0","0","0","0","0","0","0","0","0","0","0","-2,898","0","0","0","0"
NetIncomeCommonStockholders,"-138,745,000","-224,533,000","171,121,000","8,949,000","-94,282,000","-94,188,000","-146,403,000","-236,722,000","-902,988,000","364,557,000","-108,966,000","94,381,000","44,399,000","-107,162,000","218,292,263","18,978,573","-96,546,698","2,965,097","-23,848,689","-16,087,467","13,801,859","16,940,523","-12,330,398","-45,618,895","-108,978,662","-126,565,754","-172,313,323","-323,242,032","-250,060,617","-229,738,572","103,583,321","57,985,310","-4,412,450","6,589,763","17,400,938","1,702,904","25,011,673","8,951,519","19,552,156","300,161","43,626,396","8,805,911","-1,380,788","28,617,222","20,432,900","-7,057,842","-1,750,422","987,226","6,120,866","1,559,630","1,051,183","1,588,246","315,924","-307,325","1,391,744","871,819","283,465","-187,277","-2,869,349","-267,298","-1,094,810","-287,586","-1,917","-1,050","-680","-4,109","-1,627","-1,032","22,765","-7,373","-17,208","-10,668","-1,807","-401","-440","-330","-697","-405","-173","-580","-295","-1,964","-224","-229","-229","-2,016","-396","-225","-1,139","-3,118","-230"
	NetIncome,"-109,842,000","-206,560,000","174,728,000","12,554,000","-90,563,000","-90,357,000","-142,123,000","-233,004,000","-899,200,000","368,286,000","-107,937,000","94,381,000","44,399,000","-107,162,000","218,292,263","18,978,573","-96,546,698","2,965,097","-23,848,689","-16,087,467","13,801,859","16,940,523","-12,330,398","-45,618,895","-108,978,662","-126,565,754","-172,313,323","-323,242,032","-250,060,617","-229,738,572","103,583,321","57,985,310","-4,412,450","6,589,763","17,400,938","1,702,904","25,011,673","8,951,519","19,552,156","300,161","43,626,396","8,805,911","-1,380,788","28,617,222","20,432,900","-7,057,842","-1,750,422","987,226","6,120,866","1,559,630","1,051,183","1,588,246","315,924","-307,325","1,391,744","871,819","283,465","-187,277","-2,869,349","-267,298","-1,094,810","-287,586","-1,917","-1,050","-680","-4,109","-1,627","-1,032","22,765","-7,373","-17,208","-10,668","-1,807","-401","-440","-330","-697","-405","-173","-580","-295","-1,964","-224","-229","-229","-2,016","-396","-225","-1,139","-3,118","-230"
		NetIncomeIncludingNoncontrollingInterests,"-109,842,000","-206,560,000","174,728,000","12,554,000","-90,563,000","-90,357,000","-142,123,000","-233,004,000","-899,200,000","368,286,000","-107,937,000","94,381,000","44,399,000","-107,162,000","218,292,263","18,978,573","-96,546,698","2,965,097","-23,848,689","-16,087,467","13,801,859","16,940,523","-12,330,398","-45,618,895","-108,978,662","-126,565,754","-172,313,323","-323,242,032","-250,060,617","-229,738,572","103,583,321","57,985,310","-4,412,450","6,589,763","17,400,938","1,702,904","25,011,673","8,951,519","19,552,156","300,161","43,626,396","8,805,911","-1,380,788","28,617,222","20,432,900","-7,057,842","-1,750,422","987,226","6,120,866","1,559,630","1,051,183","1,588,246","315,924","-307,325","1,391,744","871,819","283,465","-187,277","-2,869,349","-267,298","-1,094,810","-287,586","-1,917","-1,050","-680","-4,109","-1,627","-1,032","22,765","-7,373","-17,208","-10,668","-1,807","-401","-440","-330","-697","-405","-173","-580","-295","-1,964","-224","-229","-229","-2,016","-396","-225","-1,139","-3,118","-230"
			NetIncomeContinuousOperations,"-109,842,000","-206,560,000","174,728,000","12,554,000","-90,563,000","-90,357,000","-142,123,000","-233,004,000","-899,200,000","368,286,000","-107,937,000","94,381,000","44,399,000","-107,162,000","218,292,263","18,978,573","-96,546,698","2,965,097","-23,848,689","-16,087,467","13,801,859","16,940,523","-12,330,398","-45,618,895","-108,978,662","-126,565,754","-172,313,323","-323,242,032","-250,060,617","-229,738,572","103,583,321","57,985,310","-4,412,450","6,589,763","17,400,938","1,702,904","25,011,673","8,951,519","19,552,156","300,161","43,626,396","8,805,911","-1,380,788","28,617,222","20,432,900","-7,057,842","-1,750,422","987,226","6,120,866","1,559,630","1,051,183","1,588,246","315,924","-307,325","1,391,744","871,819","283,465","-187,277","-2,869,349","-267,298","-1,094,810","-287,586","-1,917","-1,050","-680","-4,109","-1,627","-1,032","22,765","-7,373","-17,208","-10,668","-1,807","-401","-440","-330","-697","-405","-173","-580","-295","-1,964","-224","-229","-229","-2,016","-396","-225","-1,139","-3,118","-230"
	PreferredStockDividends,"13,947,000","3,016,000","3,607,000","3,605,000","3,719,000","3,830,000","4,280,000","3,718,000","3,788,000","3,729,000",,,,,,,,,,,,,,,,,,,,,,,,,,,,,,,,,,,,,,,,,,,,,,,,,,,,,,,,,,,,,,,,,,,,,,,,,,,,,,,,,
	OtherunderPreferredStockDividend,,"14,957,000",,,,,,,,,,,,,,,,,,,,,,,,,,,,,,,,,,,,,,,,,,,,,,,,,,,,,,,,,,,,,,,,,,,,,,,,,,,,,,,,,,,,,,,,,
DilutedNIAvailtoComStockholders,"-138,745,000","-224,533,000","171,121,000","8,949,000","-94,282,000","-94,188,000","-146,403,000","-236,722,000","-902,988,000","364,557,000","-108,966,000","94,381,000","44,399,000","-107,162,000","218,292,263","18,978,573","-96,546,698","2,965,097","-23,848,689","-16,087,467","13,801,859","16,940,523","-12,330,398","-45,618,895","-108,978,662","-126,565,754","-172,313,323","-323,242,032","-250,060,617","-229,738,572","103,583,321","57,985,310","-4,412,450","6,589,763","17,400,938","1,702,904","25,011,673","8,951,519","19,552,156","300,161","43,626,396","8,805,911","-1,380,788","28,617,222","20,432,900","-7,057,842","-1,750,422","987,226","6,120,866","1,559,630","1,051,183","1,588,246","315,924","-307,325","1,391,744","871,819","283,465","-187,277","-2,869,349","-267,298","-1,094,810","-287,586","-1,917","-1,050","-680","-4,109","-1,627","-1,032","22,765","-7,373","-17,208","-10,668","-1,807","-401","-440","-330","-697","-405","-173","-580","-295","-1,964","-224","-229","-229","-2,016","-396","-225","-1,139","-3,118","-230"
BasicEPS,,"-2.92","2.42","0.14","-1.55","-1.73","-3.21","-5.44","-21.7","9","-2.7","2.4","1.2","-2.9","5.8","0.6","-4.9","0.5","-3.7","-2.6","2.2","2.8","-2","-7.4","-17.8","-20.8","-28.4","-53.3","-41.2","-37.9",,"9.6","-0.7","1.1","2.8","0.3","4","1.4",,"0","7","1.4",,"4.6","3.3","-1.1",,"0.2","1.2","0.4",,"0.4","0.1","-0.1",,"0.3","0.1","-0.1",,"-0.1","-0.5","-0.1",,"-0.1","-0.1","-0.1",,"-0.1","0.1","-0.1",,"-0.1","-0.1","-0.1",,"-0.1","-0.1","-0.1",,"-0.1","-0.1","-0.1",,"-0.1","-0.1","-0.1",,"-0.1","-0.1","-0.1","-0.1"
DilutedEPS,,"-2.92","2.13","0.13","-1.55","-1.73","-3.21","-5.44","-21.7","7.4","-2.7","2.4","1.2","-2.9","5.8","0.6","-4.9","0.5","-3.7","-2.6","2.2","2.7","-2","-7.4","-17.8","-20.8","-28.4","-53.3","-41.2","-37.9",,"9.5","-0.7","1.1","2.8","0.3","3.9","1.4",,"0","7","1.4",,"4.6","3.3","-1.1",,"0.2","1.2","0.4",,"0.4","0.1","-0.1",,"0.3","0.1","-0.1",,"-0.1","-0.5","-0.1",,"-0.1","-0.1","-0.1",,"-0.1","0.1","-0.1",,"-0.1","-0.1","-0.1",,"-0.1","-0.1","-0.1",,"-0.1","-0.1","-0.1",,"-0.1","-0.1","-0.1",,"-0.1","-0.1","-0.1","-0.1"
BasicAverageShares,,"76,922,543","70,660,131","65,856,479","60,694,795","54,538,099","45,520,634","43,517,074","41,535,604","40,366,254","40,204,203","39,604,488","37,836,846","37,144,856","37,879,987","30,051,749","19,614,061","6,521,514","6,467,278","6,184,337","6,164,386","6,144,615","6,131,045","6,123,762","6,118,031","6,096,402","6,072,753","6,067,925","6,064,463","6,055,618",,"6,055,982","6,050,478","6,120,372","6,121,955","6,242,634","6,297,391","6,285,732",,"6,258,925","6,239,986","6,223,923",,"6,191,964","6,168,646","6,300,011",,"5,151,973","4,993,440","4,409,855",,"3,676,919","3,458,228","3,422,392",,"3,383,428","3,086,433","2,884,973",,"2,296,784","2,275,813","2,019,683",,"236,167","235,819","235,799",,"235,799","235,799","235,799",,"235,799","235,799","235,799",,"235,799","235,799","235,799",,"235,799","235,799","235,799",,"235,799","235,799","235,799",,"235,799","230,133","230,133","4,181"
DilutedAverageShares,,"76,922,543","81,849,627","66,629,566","60,694,795","54,538,099","45,520,634","43,517,074","41,535,604","49,726,564","40,204,203","39,653,076","37,872,451","37,144,856","37,940,110","30,175,541","19,614,061","6,538,277","6,467,278","6,184,337","6,188,595","6,197,212","6,131,045","6,123,762","6,118,031","6,096,402","6,072,753","6,067,925","6,064,463","6,055,618",,"6,073,650","6,050,478","6,144,627","6,157,535","6,275,837","6,335,815","6,331,630",,"6,288,267","6,270,547","6,267,015",,"6,226,550","6,205,388","6,300,011",,"5,214,518","5,060,994","4,454,446",,"3,694,157","3,474,103","3,422,392",,"3,441,498","3,437,954","2,884,973",,"2,296,784","2,275,813","2,019,683",,"236,167","235,819","235,799",,"235,799","235,799","235,799",,"235,799","235,799","235,799",,"235,799","235,799","235,799",,"235,799","235,799","235,799",,"235,799","235,799","235,799",,"235,799","230,133","230,133","4,181"
TotalOperatingIncomeAsReported,"-46,754,000","-189,084,000","190,286,000","26,964,000","-74,920,000","-64,371,000","-128,756,000","-218,653,000","-884,708,000","390,875,000","-62,525,000","121,100,000","92,239,000","-95,305,000","354,808,839","35,596,558","16,317,867","25,905,223","-3,659,512","584,981","30,324,977","33,244,148","2,485,838","-29,473,638","-92,932,518","-109,384,536","-156,199,167","-307,167,002","-302,539,733","-353,482,367","177,804,423","103,646,534","3,162,235","20,558,066","37,490,778","12,113,046","47,729,052","20,664,069","33,396,172","5,719,299","75,193,800","14,827,160","-110,618","45,971,022","33,722,408","-12,332,582","-2,941,834","1,724,336","10,098,208","2,624,578","1,355,011","2,325,657","666,167","-468,798","481,667","716,698","188,041","-283,546","-3,011,263","-309,487","-1,108,470","-297,719","-1,917","-1,050","-680","-4,109","-26,627","-1,032","22,765","-7,373","-17,208","-10,668","-1,807","-401","-440","-330","-1,697","-405","-173","-580","-295","-1,964","-224","-229","-229","-2,016","-3,294","-225","-1,139","-3,118","-230"
TotalExpenses,"489,326,000","156,154,000","128,904,000","104,543,000","99,725,000","85,768,000","74,368,000","66,486,000","70,021,000","115,911,000","123,108,000","107,510,000","91,507,000","88,371,000","88,387,075","66,672,662","50,528,032","40,708,240","40,661,789","41,013,678","34,576,905","32,572,699","33,457,789","30,762,255","36,065,823","36,909,650","45,968,662","53,900,900","61,438,830","69,178,043","79,717,511","77,130,955","71,439,778","61,567,241","64,439,007","57,671,154","48,432,751","47,234,013","48,350,512","54,376,314","44,013,801","35,695,832","27,096,826","23,079,016","17,103,690","14,859,331","14,163,826","8,159,485","6,133,565","4,596,936","3,840,352","2,530,315","1,608,917","1,127,066","646,085","645,957","576,487","570,575","3,011,263","309,487","889,072","297,719","1,917","1,050","680","4,109","26,627","1,032","2,235","7,373","17,208","10,668","1,807","401","440","330","1,697","405","173","580","295","1,964","224","229","229","2,016","3,294","225","1,139","3,118","230"
NetIncomeFromContinuingAndDiscontinuedOperation,"-109,842,000","-206,560,000","174,728,000","12,554,000","-90,563,000","-90,357,000","-142,123,000","-233,004,000","-899,200,000","368,286,000","-107,937,000","94,381,000","44,399,000","-107,162,000","218,292,263","18,978,573","-96,546,698","2,965,097","-23,848,689","-16,087,467","13,801,859","16,940,523","-12,330,398","-45,618,895","-108,978,662","-126,565,754","-172,313,323","-323,242,032","-250,060,617","-229,738,572","103,583,321","57,985,310","-4,412,450","6,589,763","17,400,938","1,702,904","25,011,673","8,951,519","19,552,156","300,161","43,626,396","8,805,911","-1,380,788","28,617,222","20,432,900","-7,057,842","-1,750,422","987,226","6,120,866","1,559,630","1,051,183","1,588,246","315,924","-307,325","1,391,744","871,819","283,465","-187,277","-2,869,349","-267,298","-1,094,810","-287,586","-1,917","-1,050","-680","-4,109","-1,627","-1,032","22,765","-7,373","-17,208","-10,668","-1,807","-401","-440","-330","-697","-405","-173","-580","-295","-1,964","-224","-229","-229","-2,016","-396","-225","-1,139","-3,118","-230"
NormalizedIncome,"388,285,800","86,298,800","187,305,228.251","140,543,000","110,972,000","58,057,000","11,764,000","-8,970,000","-63,311,000","97,910,790","15,831,000","29,049,000","40,563,000","24,782,000","90,582,801.36","58,606,000","36,489,065","23,236,548","10,368,949.366","-3,424,214","-2,711,173","-20,360","-2,326,753.034","-5,179,668","-9,574,793","-25,718,515","-22,733,743.403","-20,186,140","-10,066,427.595","-19,170,959.909","2,168,709.643","19,618,913.477","24,266,232.648","15,631,203.408","15,678,255.652","25,071,227.264","14,593,326.019","18,349,910.87","18,592,067.54","13,694,824.1","14,305,238.982","17,653,499.92","15,724,381.9","12,817,716.584","11,275,499.404","7,449,963.183","7,653,043.4","1,059,159.902","6,209,625.286","1,613,704.24","2,014,875.41","1,395,292.6","399,469.8","-307,325","862,707.7","770,990.35","221,439.4","-284,846","-3,011,263","-309,487","-669,674","-297,719","-1,917","-1,050","-680","-4,109","-1,627","-1,032","-7,235","-7,373","-17,208","-10,668","-1,807","-401","-440","-330","-697","-405","-173","-580","-295","-1,964","-224","-229","-229","-2,016","-396","-225","-1,139","-3,118","-230"
InterestIncome,,,,,,,,,,,,,,,,,,,,,,,,,,,,,,,,,,,,,,,"57","106","700","400","125","1,699",,,,,,,,,,,,,,,,,,,,,,,,,,,,,,,,,,,,,,,,,,,,,,,
InterestExpense,"63,487,000","17,977,000","15,900,000","14,586,000","15,024,000","13,510,000","13,358,000","14,637,000","13,957,000","16,551,000","21,840,000","21,510,000","17,778,000","19,548,000","20,940,722","20,438,025","22,403,373","23,106,761","20,881,740","16,672,632","16,428,164","16,303,805","16,195,176","16,145,440","16,046,325","16,098,682","16,081,987","16,154,160","14,387,693","11,736,547","11,255,672","10,624,246","10,326,789","9,898,968","9,568,631","9,212,834","7,819,591","6,108,000","5,744,684","5,205,822","2,728,104","196,299","160,295","182,499",,,,,,,,,,,,,,,,,,,,,,,,,,,,,,,,,,,,,,,,,,,,,,,
NetInterestIncome,"-63,487,000","-17,977,000","-15,900,000","-14,586,000","-15,024,000","-13,510,000","-13,358,000","-14,637,000","-13,957,000","-16,551,000","-21,840,000","-21,510,000","-17,778,000","-19,548,000","-20,940,722","-20,438,025","-22,403,373","-23,106,761","-20,881,740","-16,672,632","-16,428,164","-16,303,805","-16,195,176","-16,145,440","-16,046,325","-16,098,682","-16,081,987","-16,154,160","-14,387,693","-11,736,547","-11,255,672","-10,624,246","-10,326,789","-9,898,968","-9,568,631","-9,212,834","-7,819,591","-6,108,000","-5,744,627","-5,205,716","-2,727,404","-195,899","-160,170","-180,800",,,,,,,,,,,,,,,,,,,,,,,,,,,,,,,,,,,,,,,,,,,,,,,
EBIT,"-45,333,000","-187,794,000","190,861,000","27,140,000","-75,539,000","-76,847,000","-128,765,000","-218,367,000","-885,243,000","384,671,000","-86,097,000","115,891,000","62,177,000","-87,614,000","239,177,985","39,416,598","-74,143,325","26,071,858","-4,536,965","585,165","30,230,023","33,244,328","2,462,599","-29,473,455","-92,932,337","-110,467,072","-156,231,386","-307,165,416","-302,539,534","-353,482,025","177,805,993","103,659,556","3,164,339","20,588,731","37,474,569","11,943,738","47,461,264","20,664,133","33,419,840","5,719,405","75,194,500","14,827,560","-110,493","45,972,721","18,482,407","12,208,103","12,073,250","1,724,336","10,098,208","2,624,578","2,591,823","2,325,657","666,167","-468,798","482,697","716,698","188,041","-283,546","-3,011,263","-309,487","-889,072","-297,719","-1,917","-1,050","-680","-4,109","-26,627","-1,032","-2,235","-7,373","-17,208","-10,668","-1,807","-401","-440","-330","-1,697","-405","-173","-580","-295","-1,964","-224","-229","-229","-2,016","-3,294","-225","-1,139","-3,118","-230"
EBITDA,"117,459,000"
ReconciledCostOfRevenue,"451,954,000","142,341,000","118,441,000","99,053,000","92,121,000","78,986,000","70,007,000","61,881,000","65,311,000","111,040,000","114,990,000","103,304,000","86,257,000","82,320,000","83,411,294","61,998,195","47,276,793","39,041,365","37,585,790","33,027,959","30,259,766","28,963,756","29,722,118","28,663,962","31,479,548","32,572,248","40,150,670","49,286,129","57,182,394","64,825,237","74,792,686","72,431,983","67,458,959","57,569,551","59,932,006","53,506,819","44,486,244","43,214,960","116,334,982","16,827,479","13,950,257","12,592,233","8,613,284","8,172,266","5,926,583","4,632,220","3,513,180","2,689,377","1,585,704","978,196","1,232,470","780,738","180,592","112,473","60,484","18,078","8,020","13,492",,,,,,,,,,,,,,,,,,"0","0","0","0","0","0","0","0","0","0","0","0","0","0","0","0"
ReconciledDepreciation,"162,792,000","53,185,000","42,815,000","35,885,000","30,907,000","31,221,000","32,770,000","30,785,000","36,756,000","61,809,000","63,410,000","55,566,000","46,091,000","45,134,000","48,294,929","30,258,089","22,596,028","18,630,629","17,631,875","15,357,685","13,682,452","12,828,143","13,523,186","13,698,020","16,176,863","17,846,089","24,140,489","31,670,479","36,745,805","45,213,039","48,924,152","45,646,231","42,212,250","36,100,921","38,927,949","32,165,062","26,527,917","26,762,446","26,750,927","28,057,415","25,622,116","18,406,589","14,936,895","10,824,981","8,419,895","6,931,792","8,697,808","3,828,012","2,627,103","1,908,235","2,175,887","851,394","870,932","444,564","463,746","203,103","119,489","49,200","2,666","260","260","260",,,,,,,,,,,,,,,,,,,,,,,,,,,,,
NetIncomeFromContinuingOperationNetMinorityInterest,"-109,842,000","-206,560,000","174,728,000","12,554,000","-90,563,000","-90,357,000","-142,123,000","-233,004,000","-899,200,000","368,286,000","-107,937,000","94,381,000","44,399,000","-107,162,000","218,292,263","18,978,573","-96,546,698","2,965,097","-23,848,689","-16,087,467","13,801,859","16,940,523","-12,330,398","-45,618,895","-108,978,662","-126,565,754","-172,313,323","-323,242,032","-250,060,617","-229,738,572","103,583,321","57,985,310","-4,412,450","6,589,763","17,400,938","1,702,904","25,011,673","8,951,519","19,552,156","300,161","43,626,396","8,805,911","-1,380,788","28,617,222","20,432,900","-7,057,842","-1,750,422","987,226","6,120,866","1,559,630","1,051,183","1,588,246","315,924","-307,325","1,391,744","871,819","283,465","-187,277","-2,869,349","-267,298","-1,094,810","-287,586","-1,917","-1,050","-680","-4,109","-1,627","-1,032","22,765","-7,373","-17,208","-10,668","-1,807","-401","-440","-330","-697","-405","-173","-580","-295","-1,964","-224","-229","-229","-2,016","-396","-225","-1,139","-3,118","-230"
TotalUnusualItemsExcludingGoodwill,"-830,213,000","-488,098,000","-12,594,000","-127,989,000","-201,535,000","-148,414,000","-153,887,000","-224,034,000","-835,889,000","370,377,000","-123,768,000","65,332,000","3,836,000","-131,944,000","174,944,468","-39,627,427","-133,035,763","-20,271,451","-36,470,267","-12,663,253","16,513,032","16,960,883","-11,141,232","-40,439,227","-99,403,869","-100,847,239","-149,579,623","-303,055,892","-304,175,145","-334,765,679","163,063,280","61,583,301","-46,556,303","-14,677,663","2,762,671","-37,449,236","16,510,851","-15,281,938","1,358,960","-20,607,174","48,704,426","-14,700,510","-26,315,646","25,280,681","15,010,493","-23,773,645","-14,834,672","-117,110","-144,342","-87,948","-1,239,640","321,589","-139,243",,"813,902","155,121","95,424","97,569","141,914","42,189","-425,136","10,133",,,,,"0",,"50,000",,,,,,,,,,,,,,,,,,,,,,
TotalUnusualItems,"-830,213,000","-488,098,000","-12,594,000","-127,989,000","-201,535,000","-148,414,000","-153,887,000","-224,034,000","-835,889,000","370,377,000","-123,768,000","65,332,000","3,836,000","-131,944,000","174,944,468","-39,627,427","-133,035,763","-20,271,451","-36,470,267","-12,663,253","16,513,032","16,960,883","-11,141,232","-40,439,227","-99,403,869","-100,847,239","-149,579,623","-303,055,892","-304,175,145","-334,765,679","163,063,280","61,583,301","-46,556,303","-14,677,663","2,762,671","-37,449,236","16,510,851","-15,281,938","1,358,960","-20,607,174","48,704,426","-14,700,510","-26,315,646","25,280,681","15,010,493","-23,773,645","-14,834,672","-117,110","-144,342","-87,948","-1,239,640","321,589","-139,243",,"813,902","155,121","95,424","97,569","141,914","42,189","-425,136","10,133",,,,,"0",,"50,000",,,,,,,,,,,,,,,,,,,,,,
NormalizedEBITDA,"947,672,000","353,489,000","246,270,000","191,014,000","156,903,000","102,788,000","57,892,000","36,452,000","-12,598,000","76,103,000","101,081,000","106,125,000","104,432,000","89,464,000","112,528,446","109,302,114","81,488,466","64,973,938","49,565,177","28,606,103","27,399,443","29,111,588","27,127,017","24,663,792","22,648,395","8,226,256","17,488,726","27,560,955","38,381,416","26,496,693","63,666,865","87,722,486","91,932,892","71,367,315","73,639,847","81,558,036","57,478,330","62,708,517","58,811,807","54,383,994","52,112,190","47,934,659","41,142,048","31,517,021","11,891,809","42,913,540","35,605,730","5,669,458","12,869,653","4,620,761","6,319,736","2,962,790","1,676,342","-24,234","149,567","764,680","212,106","-331,915","-3,150,511","-351,416","-463,676","-307,592","-1,917","-1,050","-680","-4,109","-26,627","-1,032","-52,235","-7,373","-17,208","-10,668","-1,807","-401","-440","-330","-1,697","-405","-173","-580","-295","-1,964","-224","-229","-229","-2,016","-3,294","-225","-1,139","-3,118","-230"
TaxRateForCalcs,"0.4","0.4","0.001","0","0","0","0","0","0","0.27","0","0","0","0","0.27","0","0","0","0.062","0","0","0","0.102","0","0","0","0","0","0.211","0.371","0.378","0.377","0.384","0.384","0.376","0.376","0.369","0.385","0.294","0.35","0.398","0.398","0.35","0.375","0.39","0.39","0.366","0.386","0.385","0.385","0.223","0.4","0.4","0.4","0.35","0.35","0.35","0","0","0","0","0","0","0","0","0","0","0","0.4","0","0","0","0","0","0","0","0","0","0","0","0","0","0","0","0","0","0.4","0","0","0","0"
TaxEffectOfUnusualItems,"-332,085,200","-195,239,200","-16,771.749","0","0","0","0","0","0","100,001,790","0","0","0","0","47,235,006.36","0","0","0","-2,252,628.634","0","0","0","-1,137,587.034","0","0","0","-43.403","0","-64,180,955.595","-124,198,066.909","61,648,668.643","23,216,904.477","-17,877,620.352","-5,636,222.592","1,039,988.652","-14,080,912.736","6,092,504.019","-5,883,546.13","398,871.54","-7,212,510.9","19,383,268.982","-5,852,921.08","-9,210,476.1","9,481,175.584","5,853,092.404","-9,265,839.817","-5,431,206.6","-45,176.098","-55,582.714","-33,873.76","-275,947.59","128,635.6","-55,697.2","0","284,865.7","54,292.35","33,398.4","0","0","0","0","0","0","0","0","0","0","0","20,000","0","0","0","0","0","0","0","0","0","0","0","0","0","0","0","0","0","0","0","0","0","0"