name,ttm,03/31/2022,12/31/2021,09/30/2021,06/30/2021,03/31/2021,12/31/2020,09/30/2020,06/30/2020,03/31/2020,12/31/2019,09/30/2019,06/30/2019,03/31/2019,12/31/2018,09/30/2018,06/30/2018,03/31/2018,12/31/2017,09/30/2017,06/30/2017,03/31/2017,12/31/2016,09/30/2016,06/30/2016,03/31/2016,12/31/2015,09/30/2015,06/30/2015,03/31/2015,12/31/2014,09/30/2014,06/30/2014,03/31/2014,12/31/2013,09/30/2013,06/30/2013,03/31/2013,12/31/2012,06/30/2012,03/31/2012,12/31/2011,09/30/2011,06/30/2011,03/31/2011,12/31/2010,09/30/2010,06/30/2010,03/31/2010,12/31/2009,09/30/2009,06/30/2009,03/31/2009,12/31/2008,09/30/2008,06/30/2008,03/31/2008,12/31/2007,09/30/2007,06/30/2007,03/31/2007,12/31/2006,09/30/2006,06/30/2006,03/31/2006,09/30/2005,06/30/2005,03/31/2005,12/31/2004,09/30/2004,06/30/2004,03/31/2004,12/31/2003,09/30/2003,06/30/2003,03/31/2003,12/31/2002,09/30/2002,06/30/2002,03/31/2002,12/31/2001,09/30/2001,06/30/2001,03/31/2001,12/31/2000,09/30/2000,06/30/2000,03/31/2000,12/31/1999,09/30/1999,06/30/1999,03/31/1999,12/31/1998,09/30/1998,06/30/1998,03/31/1998,12/31/1997,09/30/1997,06/30/1997,03/31/1997,12/31/1996,09/30/1996,06/30/1996,03/31/1996,12/31/1995,09/30/1995,06/30/1995,03/31/1995,12/31/1994,09/30/1994,03/31/1994,12/31/1993,09/30/1993,06/30/1993,03/31/1993,12/31/1992,09/30/1992,06/30/1992,03/31/1992
TotalRevenue,"5,171,702,000","1,350,293,000","1,293,516,000","1,310,368,000","1,217,525,000","888,680,000","715,505,000","689,981,000","515,301,000","1,204,083,000","1,399,134,000","1,401,638,000","1,409,409,000","1,191,335,000","879,112,000","909,781,000","856,396,000","765,439,000","663,062,000","610,506,000","564,245,000","605,253,000","563,136,000","510,305,000","413,793,000","377,812,000","443,464,000","495,503,000","583,759,000","543,611,000","708,356,000","854,286,000","802,137,000","743,246,000","751,066,000","35,385,000","34,677,000","64,886,000","2,144,000","7,703,000","9,910,000","12,737,000","16,546,000","16,882,000","23,056,000","36,410,000","12,652,000","36,022,000","43,956,000","76,922,000","23,922,000","22,942,000","58,656,000","84,695,000","60,785,000","69,534,000","55,991,000","34,203,000","45,853,000","45,632,000","41,298,000","43,546,000","49,128,000","48,618,000","44,036,000","34,670,000","28,800,000","26,910,000","20,622,000","19,338,000","12,500,000","10,342,000","8,074,000","7,756,000","6,286,000","7,717,000","5,704,000","5,648,000","2,920,000","1,058,000","1,789,000","2,443,000","3,368,246","3,701,866","3,407,057","2,412,447","1,692,625","1,239,522","600,000","100,000","1,100,000","200,000","200,000","200,000","300,000","500,000","700,000","300,000","400,000","500,000","500,000","400,000","600,000","400,000","300,000","200,000","200,000","200,000","600,000","400,000","300,000","900,000","300,000","300,000","400,000","700,000","100,000","100,000","100,000"
	OperatingRevenue,"5,171,702,000","1,350,293,000","1,293,516,000","1,310,368,000","1,217,525,000","888,680,000","715,505,000","689,981,000","515,301,000","1,204,083,000","1,399,134,000","1,401,638,000","1,409,409,000","1,191,335,000","879,112,000","909,781,000","856,396,000","765,439,000","663,062,000","610,506,000","564,245,000","605,253,000","563,136,000","510,305,000","413,793,000","377,812,000","443,464,000","495,503,000","583,759,000","543,611,000","708,356,000","854,286,000","802,137,000","743,246,000","751,066,000","35,385,000","34,677,000","64,886,000","2,144,000","7,703,000","9,910,000","12,737,000","16,546,000","16,882,000","23,056,000","35,871,000","12,653,000","36,131,000","44,385,000","117,401,000","21,534,000","22,942,000","27,371,000","84,695,000","60,785,000","69,534,000","55,991,000","34,203,000","45,853,000","45,632,000","41,298,000","43,546,000","49,128,000","48,618,000","44,036,000","34,670,000","28,800,000","26,910,000","20,622,000","19,338,000","12,500,000","10,342,000","8,074,000","7,756,000","6,286,000","7,717,000","5,704,000","5,648,000","2,920,000","1,058,000","1,789,000","2,443,000","3,368,246","3,701,866","3,407,057","2,412,447","1,692,625","1,239,522","600,000","100,000","1,100,000","200,000","200,000","200,000","300,000","500,000","700,000","300,000","400,000","500,000","500,000","400,000","600,000","400,000","300,000","200,000","200,000","200,000","600,000","400,000","300,000","900,000","300,000","300,000","400,000","700,000","100,000","100,000","100,000"
CostOfRevenue,"4,895,001,000","1,374,029,000","1,178,086,000","1,122,040,000","1,220,846,000","911,743,000","734,723,000","608,110,000","463,406,000","1,231,494,000","1,246,278,000","1,287,982,000","1,273,761,000","1,081,689,000","784,146,000","835,977,000","760,699,000","674,936,000","581,650,000","520,780,000","485,637,000","512,549,000","481,770,000","468,939,000","369,762,000","347,483,000","406,744,000","409,749,000","510,036,000","480,757,000","619,312,000","834,356,000","782,591,000","716,145,000","738,323,000","31,874,000","30,152,000","54,557,000","4,000","3,296,000","2,791,000","14,132,000","424,447,000","4,509,000","8,700,000","9,482,000","2,801,000","44,721,000","13,851,000","21,039,000","59,469,000","110,151,000","11,534,000","426,589,000","30,089,000","18,395,000","17,088,000","28,758,000","21,524,000","85,347,000","19,956,000","19,496,000","18,940,000","15,055,000","14,792,000","10,006,000","10,263,000","8,217,000","6,726,000","7,002,000","7,650,000","2,506,000","2,656,000","2,456,000","2,964,000","2,556,000","2,607,000","2,233,000","1,723,000","896,000","1,130,000","918,000","959,282","1,637,525","1,328,314","955,879","584,286","967,154","500,000","200,000","300,000","100,000","100,000","200,000","700,000","300,000","400,000","100,000","500,000","600,000","200,000","500,000","500,000","200,000","100,000","100,000","200,000","400,000","200,000","100,000","100,000","400,000","100,000","100,000","100,000",,,,
GrossProfit,"276,701,000","-23,736,000","115,430,000","188,328,000","-3,321,000","-23,063,000","-19,218,000","81,871,000","51,895,000","-27,411,000","152,856,000","113,656,000","135,648,000","109,646,000","94,966,000","73,804,000","95,697,000","90,503,000","81,412,000","89,726,000","78,608,000","92,704,000","81,366,000","41,366,000","44,031,000","30,329,000","36,720,000","85,754,000","73,723,000","62,854,000","89,044,000","19,930,000","19,546,000","27,101,000","12,743,000","3,511,000","4,525,000","10,329,000","2,140,000","4,407,000","7,119,000","-1,395,000","-407,901,000","12,373,000","14,356,000","26,928,000","9,851,000","-8,699,000","30,105,000","55,883,000","-35,547,000","-87,209,000","47,122,000","-341,894,000","30,696,000","51,139,000","38,903,000","5,445,000","24,329,000","-39,715,000","21,342,000","24,050,000","30,188,000","33,563,000","29,244,000","24,664,000","18,537,000","18,693,000","13,896,000","12,336,000","4,850,000","7,836,000","5,418,000","5,300,000","3,322,000","5,161,000","3,097,000","3,415,000","1,197,000","162,000","659,000","1,525,000","2,408,964","2,064,341","2,078,743","1,456,568","1,108,339","272,368","100,000","-100,000","800,000","100,000","100,000","0","-400,000","200,000","300,000","200,000","-100,000","-100,000","300,000","-100,000","100,000","200,000","200,000","100,000","0","-200,000","400,000","300,000","200,000","500,000","200,000","200,000","300,000","500,000","100,000","100,000",
OperatingExpense,"358,989,000","97,297,000","90,138,000","90,532,000","81,022,000","86,073,000","77,016,000","79,276,000","77,248,000","85,175,000","92,946,000","94,628,000","86,209,000","85,339,000","67,754,000","66,776,000","65,965,000","62,215,000","59,668,000","63,010,000","62,157,000","63,262,000","51,310,000","61,103,000","46,499,000","49,377,000","46,602,000","49,561,000","45,793,000","43,936,000","48,235,000","52,048,000","41,507,000","39,052,000","30,785,000","11,378,000","5,417,000","8,138,000","6,605,000","11,774,000","13,013,000","5,876,000","20,396,000","20,795,000","21,065,000","50,305,000","23,643,000","41,159,000","48,542,000","63,075,000","49,668,000","59,226,000","56,150,000","83,952,000","46,266,000","-9,818,000","41,344,000","39,215,000","33,982,000","-113,777,000","34,408,000","157,602,000","35,851,000","32,372,000","28,311,000","2,354,000","16,757,000","11,859,000","7,785,000","8,353,000","4,229,000","7,023,000","4,210,000","3,447,000","4,652,000","2,704,000","2,247,000","2,781,000","2,361,000","1,484,000","2,001,000","1,420,000","1,919,123","1,259,185","1,143,100","987,550","1,663,411","795,557","600,000","400,000","2,400,000","700,000","300,000","500,000","200,000","700,000","500,000","500,000","700,000","600,000","400,000","700,000","1,200,000","700,000","800,000","700,000","800,000","400,000","600,000","2,000,000","200,000","1,200,000","100,000","100,000","100,000","5,000,000","100,000",,
	SellingGeneralAndAdministration,"52,104,000","15,893,000","11,537,000","12,473,000","12,201,000","11,885,000","9,465,000","9,818,000","10,221,000","11,784,000","11,788,000","11,391,000","11,379,000","11,665,000","11,445,000","11,871,000","12,905,000","11,205,000","11,390,000","11,292,000","10,482,000","12,914,000","10,432,000","9,873,000","10,631,000","11,314,000","13,062,000","11,514,000","13,322,000","11,656,000","17,232,000","9,319,000","7,433,000","5,958,000","3,524,000","11,363,000","5,397,000","8,134,000","4,520,000","3,725,000","4,020,000","8,959,000","6,065,000","6,471,000","6,629,000","49,332,000","7,198,000","11,640,000","11,387,000","25,162,000","9,951,000","15,047,000","12,630,000","11,469,000","14,890,000","13,827,000","13,421,000","12,332,000","12,816,000","12,928,000","11,545,000","8,847,000","9,792,000","8,785,000","8,411,000","7,372,000","5,366,000","4,613,000","4,014,000","3,372,000","333,000","3,938,000","1,836,000","1,443,000","1,604,000","1,276,000","1,055,000","1,096,000","1,263,000","897,000","1,132,000","627,000","941,645","659,512","652,440","522,361","704,012","607,652","400,000","400,000","2,300,000","600,000","300,000","400,000","100,000","700,000","400,000","400,000","600,000","500,000","300,000","600,000","500,000","600,000","700,000","600,000","600,000","300,000","500,000","1,900,000","200,000","600,000","100,000","100,000","100,000","4,800,000","100,000",,
		GeneralAndAdministrativeExpense,"52,104,000","15,893,000","11,537,000","12,473,000","12,201,000","11,885,000","9,465,000","9,818,000","10,221,000","11,784,000","11,788,000","11,391,000","11,379,000","11,665,000","11,445,000","11,871,000","12,905,000","11,205,000","11,390,000","11,292,000","10,482,000","12,914,000","10,432,000","9,873,000","10,631,000","11,314,000","13,062,000","11,514,000","13,322,000","11,656,000","17,232,000","9,319,000","7,433,000","5,958,000","3,524,000","11,363,000","5,397,000","8,134,000","4,520,000","3,725,000","4,020,000",,"6,065,000","6,471,000","6,629,000","49,332,000","7,198,000","11,640,000","11,387,000","25,162,000","9,951,000","15,047,000","12,630,000",,,,,,,,,,,,,,,,,,,,,,,,,,,,,,,,,,,,,,,,,,,,,,,,,,,,,,,,,,,,,,,,,,
			RentAndLandingFees,,,,,,,,,,,,,,,,,,,,,,,"13,000","10,000","10,000","114,000","669,000","1,575,000","1,508,000","1,531,000","1,710,000","1,204,000","1,700,000","1,024,000","1,452,000","1,000,000","1,941,000","1,234,000",,,,,,,,,,,,,,,,,,,,,,,,,,,,,,,,,,,,,,,,,,,,,,,,,,,,,,,,,,,,,,,,,,,,,,,,,,,,,,,,,
			OtherGandA,"52,104,000","15,893,000","11,537,000","12,473,000","12,201,000","11,885,000","9,465,000","9,818,000","10,221,000","11,784,000","11,788,000","11,391,000","11,379,000","11,665,000","11,445,000","11,871,000","12,905,000","11,205,000","11,390,000","11,292,000","10,482,000","12,914,000","10,419,000","9,863,000","10,621,000","11,200,000","12,393,000","9,939,000","11,814,000","10,125,000","15,522,000","8,115,000","5,733,000","4,934,000","2,072,000","10,363,000","3,456,000","6,900,000",,,,,,,,,,,,,,,,,,,,,,,,,,,,,,,,,,,,,,,,,,,,,,,,,,,,,,,,,,,,,,,,,,,,,,,,,,,,,,,,,
	DepreciationAmortizationDepletionIncomeStatement,,,,,,,,,,,,,,"20,957,000","13,638,000",,,"13,037,000","12,141,000","11,304,000","11,284,000","11,260,000","11,778,000","9,643,000","5,100,000","5,095,000","7,066,000","4,596,000","5,005,000","3,251,000","4,628,000",,"3,290,000","3,100,000","3,000,000","1,218,000","1,037,000","767,000","401,000","4,899,000","5,327,000","5,908,000","10,701,000","10,528,000","13,461,000","17,090,000","11,522,000","21,146,000","28,758,000","31,441,000","31,260,000","36,107,000","32,614,000","38,067,000","28,180,000","24,016,000","24,911,000","15,690,000","25,350,000","22,969,000","22,520,000","23,746,000","23,611,000","18,649,000","15,653,000","10,410,000","9,155,000","5,393,000","3,678,000","4,981,000","3,037,000","3,085,000","2,306,000","1,692,000","1,485,000","1,428,000","1,192,000","1,685,000","1,098,000","587,000","869,000","793,000","977,478","599,673","490,660","465,189","959,399","187,905","200,000",,"100,000","100,000",,"100,000","100,000",,"100,000","100,000","100,000","100,000","100,000","100,000","700,000","100,000","100,000","100,000","200,000","100,000","100,000","100,000",,"600,000",,,,,,,
		DepreciationAndAmortizationInIncomeStatement,,,,,,,,,,,,,,,,,,,,,,,,,,,,,,,,,,,,,,,,,,,,,,"17,090,000","4,801,000","21,146,000","28,758,000","31,441,000","31,260,000","36,107,000","32,614,000","38,067,000","28,180,000","24,016,000","24,911,000","15,690,000","25,350,000","22,969,000","22,520,000","23,746,000","23,611,000","18,649,000","15,653,000","10,410,000","9,155,000","5,393,000","3,678,000","4,981,000","3,037,000","3,085,000","2,306,000","1,692,000","1,485,000","1,428,000","1,192,000","1,685,000","1,098,000","587,000","869,000","793,000","977,478","599,673","490,660","465,189","959,399","187,905","200,000",,"100,000","100,000",,"100,000","100,000",,"100,000","100,000","100,000","100,000","100,000","100,000","700,000","100,000","100,000","100,000","200,000","100,000","100,000","100,000",,"600,000",,,,,,,
	OtherTaxes,,,,,,,,,,,,,,,,,,,,,,,,,,,,,,,,,,,"10,000","15,000","20,000","4,000",,,,,,,"932,000",,,,,,,,,,"3,196,000","3,859,000","3,012,000","650,000","1,814,000","1,805,000","1,533,000","1,375,000","1,652,000","2,081,000","1,877,000","2,221,000","1,713,000","1,509,000",,,,,,,,,,,,,,,,,,,,,,,,,,,,,,,,,,,,,,,,,,,,,,,,,,,
	OtherOperatingExpenses,"306,885,000","81,404,000","78,601,000","78,059,000","68,821,000","74,188,000","67,551,000","69,458,000","67,027,000","73,391,000","81,158,000","83,237,000","74,830,000","73,674,000","56,309,000","54,905,000","53,060,000","51,010,000","48,278,000","51,718,000","51,675,000","50,348,000","40,878,000","51,230,000","35,868,000","38,063,000","33,540,000","38,047,000","32,471,000","32,280,000","31,003,000","42,729,000","34,074,000","33,094,000",,,,,,"3,150,000","3,666,000","-10,526,000","3,630,000","3,796,000","43,000","-19,844,000","4,923,000","8,373,000","8,397,000","6,472,000","8,457,000","8,072,000","10,906,000",,,"-51,520,000",,,"-5,998,000","-151,479,000","-1,190,000","123,634,000","796,000","2,857,000","2,370,000","-17,649,000","523,000","344,000","93,000",,,,"68,000","312,000",,,,,,,,,,,,,,,,,,,,,,,,,,,,,,,,,,,,,,,,,,,,,
OperatingIncome,"-82,288,000","-121,033,000","25,292,000","97,796,000","-84,343,000","-109,136,000","-96,234,000","2,595,000","-25,353,000","-112,586,000","59,910,000","19,028,000","49,439,000","24,307,000","27,212,000","7,028,000","29,732,000","28,288,000","21,744,000","26,716,000","16,451,000","29,442,000","30,056,000","-19,737,000","-2,468,000","-19,048,000","-9,882,000","36,193,000","27,930,000","18,918,000","40,809,000","-32,118,000","-21,961,000","-11,951,000","-18,042,000","-7,867,000","-892,000","2,191,000","-4,465,000","-7,367,000","-5,894,000","-7,271,000","-428,297,000","-8,422,000","-6,709,000","-23,377,000","-13,792,000","-49,858,000","-18,437,000","-7,192,000","-85,215,000","-146,435,000","-9,028,000","-425,846,000","-15,570,000","60,957,000","-2,441,000","-33,770,000","-9,653,000","74,062,000","-13,066,000","-133,552,000","-5,663,000","1,191,000","933,000","22,310,000","1,780,000","6,834,000","6,111,000","3,983,000","621,000","813,000","1,208,000","1,853,000","-1,330,000","2,457,000","850,000","634,000","-1,164,000","-1,322,000","-1,342,000","105,000","489,841","805,156","935,643","469,018","-555,072","-523,189","-500,000","-500,000","-1,600,000","-600,000","-200,000","-500,000","-600,000","-500,000","-200,000","-300,000","-800,000","-700,000","-100,000","-800,000","-1,100,000","-500,000","-600,000","-600,000","-800,000","-600,000","-200,000","-1,700,000","0","-700,000","100,000","100,000","200,000","-4,500,000","0","100,000","100,000"
NetNonOperatingInterestIncomeExpense,"-64,736,000","-16,394,000","-15,782,000","-15,374,000","-17,186,000","-18,151,000","-17,611,000","-17,523,000","-16,414,000","-18,674,000","-17,503,000","-18,348,000","-20,278,000","-18,710,000","-10,422,000","-10,425,000","-10,544,000","-8,377,000","-6,132,000","-7,419,000","-9,139,000","-8,942,000","-6,555,000","-11,232,000","-6,106,000","-4,613,000","-4,387,000","-4,387,000","-5,825,000","-5,557,000","-5,803,000","-7,076,000","-3,397,000","-3,507,000","-9,665,000","-3,935,000","-2,975,000","-2,896,000","-1,056,000","-2,604,000","-2,258,000","-10,794,000","-6,727,000","-7,997,000","-6,806,000","-7,821,000","-7,567,000","-9,556,000","-10,560,000","-10,674,000","-9,706,000","-15,775,000","-16,426,000",,,,,,,,,,,,,,,,,,,,,,,,,,,,,,,,,,,,,,,,,,,,,,,,,,,,,,,,,,,,,,,,,,
	InterestIncomeNonOperating,,,,,,,,,,,,,,,,,,,,,,,,,,,,,,,,,,,,,,,,,,,,,,,,,,"675,000","1,023,000","108,000","648,000",,,,,,,,,,,,,,,,,,,,,,,,,,,,,,,,,,,,,,,,,,,,,,,,,,,,,,,,,,,,,,,,,,
	InterestExpenseNonOperating,"64,736,000","16,394,000","15,782,000","15,374,000","17,186,000","18,151,000","17,611,000","17,523,000","16,414,000","18,674,000","17,503,000","18,348,000","20,278,000","18,710,000","10,422,000","10,425,000","10,544,000","8,377,000","6,132,000","7,419,000","9,139,000","8,942,000","6,555,000","11,232,000","6,106,000","4,613,000","4,387,000","4,387,000","5,825,000","5,557,000","5,803,000","7,076,000","3,397,000","3,507,000","12,831,000","2,912,000","2,975,000","2,896,000","1,056,000","2,604,000","2,258,000",,"6,727,000","7,997,000",,,"7,567,000","9,556,000","10,560,000","11,349,000","10,729,000","15,883,000","17,074,000",,,,,,,,,,,,,,,,,,,,,,,,,,,,,,,,,,,,,,,,,,,,,,,,,,,,,,,,,,,,,,,,,,
	TotalOtherFinanceCost,,,,,,,,,,,,,,,"10,422,000","10,425,000","10,544,000","8,377,000","6,132,000",,"9,139,000","8,942,000","6,555,000","11,232,000","6,106,000","4,613,000","4,387,000","4,387,000","5,825,000",,,,,,"9,700,000","1,023,000",,,,,,,,,,,,,,,,,,,,,,,,,,,,,,,,,,,,,,,,,,,,,,,,,,,,,,,,,,,,,,,,,,,,,,,,,,,,,,,,,,,
OtherIncomeExpense,"-8,513,000","-61,000","-1,596,000","-34,000","-6,822,000","65,060,000","-17,938,000","765,000","-1,509,000","-109,324,000","-7,655,000","-86,999,000","-2,797,000","-9,274,000","-3,456,000","-2,066,000","-2,518,000","-4,692,000","312,000","227,000","108,000","7,934,000","-9,609,000","3,238,000","-12,998,000","5,324,000","-51,282,000","-16,597,000","-28,989,000","-12,834,000","-3,688,000","-412,000","683,000","925,000","-14,914,000","-2,818,000","-5,346,000","-3,461,000","-6,075,000","-32,000","31,000","655,000","5,051,000","3,695,000","-11,379,000","-5,153,000","7,124,000","3,767,000","13,280,000","-20,661,000","-5,787,000","-18,008,000","-4,563,000","-12,768,000","63,824,000","-34,448,000","-20,097,000","-16,509,000","9,132,000","4,780,000","-322,000","1,474,000","-19,716,000","-818,000","24,865,000","-40,618,000","-705,000","-505,000","-276,000","34,000","-815,000","43,000","-53,000","-292,000","753,000","-1,484,000","10,000","11,000","-2,536,000","9,000","1,000","3,000","-1,470,159","29,854","9,689","-72,084","0","-110,238",,,"-1,000,000","-100,000","1,000,000","100,000",,,"100,000","300,000",,,,,,,,,,,,,,,,,,,,,
	GainOnSaleOfSecurity,,,,,,,"0",,,"4,270,000","-134,000","-826,000","-957,000","-1,282,000","2,197,000","-1,067,000","-74,000","745,000","537,000","-975,000","-547,000","-689,000","-515,000","657,000","1,176,000","1,644,000","-932,000","-1,023,000","3,313,000","-5,022,000","315,000","2,401,000","140,000","1,577,000","-3,469,000","-1,390,000","-3,015,000","-1,830,000",,,,,,"3,331,000","-11,393,000",,,,"17,272,000",,,,,,,,,,,,,,,,,,,,,,,,,,,,,,,,,,,,,,,,,,,,,,,,,,,,,,,,,,,,,,,,,,,,,,
	EarningsFromEquityInterest,,,"0","0","0","0","0","0","-1,874,000","-45,031,000","-4,910,000","-85,633,000","491,000","301,000","5,190,000","1,050,000","-2,352,000","5,576,000","6,718,000","553,000","2,352,000","8,746,000","-7,222,000","3,659,000","-16,948,000","-1,871,000","-49,852,000","-1,355,000","-2,950,000","-1,826,000","1,475,000","835,000","760,000","-221,000","-1,169,000","-907,000","1,495,000","-2,360,000","-1,325,000","7,000","2,000","50,000","80,000","131,000","83,000","845,000","-90,000","991,000","-8,000",,"-454,000","-3,617,000","747,000","562,000","2,122,000","800,000",,"-444,000","51,000",,,,,,,,,,,,,,,,,,,,,,,,,,,,,,,,,,,,,,,,,,,,,,,,,,,,,,,,,,,,
	SpecialIncomeCharges,"-8,402,000","-63,000","-1,541,000","-12,000","-6,786,000","64,999,000","-17,898,000","155,000","-90,000","-68,587,000","-2,780,000","-623,000","-4,508,000","-8,380,000","-11,028,000","-2,134,000","-749,000","-11,132,000","-6,971,000","0","-1,804,000","-253,000","-1,714,000","-1,022,000","2,707,000","5,505,000","-406,000","-14,174,000","-29,194,000","-5,990,000","-5,470,000","-3,484,000","-122,000","-386,000","-10,287,000","-549,000","-3,867,000",,,"-39,000","29,000","980,000","4,971,000","233,000","-69,000","-24,142,000","7,214,000","2,776,000","13,288,000","-5,188,000","-5,333,000","-14,391,000","-5,310,000","-13,330,000","61,702,000","-35,248,000","-20,097,000","-16,065,000","9,081,000","4,780,000","-322,000","1,474,000","-19,716,000","-818,000","24,865,000","-40,618,000","-705,000","-505,000","-276,000","34,000","-815,000","43,000","-53,000","-292,000","753,000","-1,484,000","10,000","11,000","-2,536,000","9,000","1,000","3,000","-1,470,159","29,854","9,689","-72,084","0","-110,238",,,"-1,000,000","-100,000","1,000,000","100,000",,,"100,000","300,000",,,,,,,,,,,,,,,,,,,,,
		RestructuringAndMergernAcquisition,"-288,000","63,000","0","1,000","-352,000","438,000","14,000","-155,000","90,000","665,000","379,000","623,000","818,000","2,884,000","6,804,000","2,134,000","749,000","11,132,000","142,000","0","0","253,000","1,714,000","1,022,000","-2,707,000","-5,505,000","-34,000","4,535,000","9,965,000","5,990,000","5,470,000","2,860,000","122,000","386,000","2,800,000",,,,"556,000",,,,,,,,,,,,,,,,,,,,,,,,,,,,,,,,,,,,,,,,,,,,,,,,,,,,,,,,,,,,,,,,,,,,,,,,,,,,,,,,
		ImpairmentOfCapitalAssets,,,"1,838,000","0",,,,"0","0","67,922,000",,,,,,,,,,,,,"0",,,,"0","9,639,000",,,,,,,,,,,,,,,,,,,,,,,,,,,,,,,,,,,,,,,,,,,,,,,,,,,,,,,,,,,,,,,,,,,,,,,,,,,,,,,,,,,,,,,,,,,
		WriteOff,,,"1,838,000","0","0","0","17,884,000","0","0","67,922,000",,,,,,,,,,,,,"0",,,,"0","9,639,000",,,,,,,,,,,,,,,,,,,,,,,,,,,,,,,,,,,,,,,,,,,,,,,,,,,,,,,,,,,,,,,,,,,,,,,,,,,,,,,,,,,,,,,,,,,
		OtherSpecialCharges,,,"0","9,000","6,628,000","-525,000",,,,,"2,401,000",,"3,690,000","5,496,000","4,224,000",,,,"6,829,000","-649,000","1,804,000","-130,000","141,000","-969,000","-3,619,000","-6,222,000","440,000","4,300,000","19,229,000","9,947,000","-104,446,000",,"31,732,000","29,097,000","493,000","549,000","3,867,000","-729,000","4,194,000",,,,,"-233,000",,,,,,,,,,,,,,,,,,,,,,,,,,,,,,,,,,,,,,,,,,,,,,,,,,,,,,,,,,,,,,,,,,,,,,,,,,,
		GainOnSaleOfBusiness,,,,,,,,,,,,,,,,,,,,,,,,,,,,"-1,355,000",,,,,,,,,,,,,,,,,,,,,,,,,,,,,,,,,,,,,,,,,,,,,,,,,,,,,,,,,,,,,,,,,,,,,,,,,,,,,,,,,,,,,,,,,,,
		GainOnSaleOfPPE,"-215,000","0","297,000","-2,000","-510,000","64,912,000",,,,,,,,,,,,,,,,,,,,,,"0",,,"0","-624,000",,,,,,,,,,,,,,,,,,,,,,,,,,,,,,,,,,,,,,,,,,,,,,,,,,,,,,,,,,,,,,,,,,,,,,,,,,,,,,,,,,,,,,,
	OtherNonOperatingIncomeExpenses,"-111,000","2,000","-55,000","-22,000","-36,000","61,000","-40,000","610,000","455,000","24,000","169,000","83,000","2,177,000","87,000","185,000","85,000","657,000","119,000","28,000","649,000","107,000","130,000","-158,000","-56,000","67,000","46,000","-92,000","-45,000","-158,000","4,000","-8,000","-164,000","-95,000","-45,000","11,000","28,000","41,000","729,000",,,,,,,,,,,,,,,,,,,,,,,,,,,,,,,,,,,,,,,,,,,,,,,,,,,,,,,,,,,,,,,,,,,,,,,,,,,,,,,,,
PretaxIncome,"-155,537,000","-137,488,000","7,914,000","82,388,000","-108,351,000","-62,227,000","-131,783,000","-14,163,000","-43,276,000","-240,584,000","34,752,000","-86,319,000","26,364,000","-3,677,000","13,334,000","-5,463,000","16,670,000","15,219,000","15,924,000","19,524,000","7,420,000","28,434,000","13,892,000","-27,731,000","-21,572,000","-18,337,000","-65,551,000","15,209,000","-6,884,000","527,000","31,318,000","-39,606,000","-24,675,000","-14,533,000","-42,621,000","-14,620,000","-9,213,000","-4,166,000","-11,596,000","-10,003,000","-8,121,000","-17,410,000","-429,973,000","-12,724,000","-24,894,000","-36,351,000","-14,235,000","-55,647,000","-15,717,000","-38,527,000","-100,708,000","-180,218,000","-30,017,000","-451,476,000","40,970,000","-29,973,000","-25,950,000","-47,638,000","-11,957,000","-77,687,000","-22,156,000","-16,696,000","-20,752,000","-4,451,000","22,143,000","-20,166,000",,,,,,,,,,,,,,,,,,,,,,,,,,,,,,,,,,,,,,,,,,,,,,,,,,,,,
TaxProvision,"584,000","-437,000","-172,000","586,000","607,000","0","135,000","108,000","-2,716,000","-18,247,000","-687,000","-2,428,000","-1,805,000","-64,769,000","-552,000","359,000","492,000","34,000","-3,081,000","700,000","414,000","648,000","205,000","30,000","-8,484,000","336,000","1,285,000","469,000","-18,607,000","65,000","-342,000","-150,000","2,000","35,000","-650,000","0","0","650,000","-2,757,000","0","0","239,000","64,000","-3,938,000","239,000","-21,000","86,000","203,000","275,000","268,000","265,000","265,000","-583,000","-8,091,000","-2,174,000","-860,000","-1,320,000","-2,025,000","-769,000","12,945,000","-7,476,000","-6,225,000","-7,802,000","-1,689,000","8,341,000","-7,721,000",,,,,,,,,,,,,,,,,,,,,,,,,,,,,,,,,,,,,,,,,,,,,,,,,,,,,
NetIncomeCommonStockholders,"-156,121,000","-137,051,000","8,086,000","81,802,000","-108,958,000","-62,227,000","-131,918,000","-14,271,000","-40,560,000","-222,337,000","35,060,000","-83,891,000","27,845,000","60,399,000","13,691,000","-5,822,000","15,936,000","14,993,000","18,812,000","18,586,000","6,914,000","27,487,000","13,687,000","-27,761,000","-13,088,000","-18,673,000","-66,619,000","14,512,000","11,615,000","462,000","31,660,000","-39,456,000","-24,677,000","-14,568,000","-41,971,000","-14,620,000","-9,213,000","-4,816,000","-8,839,000","-15,913,000","-13,463,000","-11,875,000","-429,430,000","-963,000","-27,841,000","-33,726,000","13,942,000","-149,750,000","-12,797,000","-34,085,000","-96,827,000","-172,318,000","-25,554,000","-459,660,000","49,832,000","-22,373,000","-21,064,000","-29,978,000","-6,418,000","-94,205,000","-18,744,000","-10,500,000","-7,080,000","1,448,000","13,805,000","-2,163,000","1,356,000","4,940,000","4,809,000","3,944,000","586,000","2,454,000","652,000","1,364,000","-595,000","1,307,000","428,000","117,000","-2,760,000","-1,587,000","-1,662,000","-244,000","-548,453","331,290","292,408","269,755","-878,666","-1,017,579","-900,000","-500,000","-2,600,000","-600,000","600,000","-400,000","-600,000","-500,000",,,"-900,000","-600,000","-200,000","-800,000","-1,200,000","-600,000","-700,000","-700,000","-1,100,000","-700,000",,"-1,900,000",,"-2,100,000","100,000",,"100,000","-4,400,000",,,
	NetIncome,"-156,121,000","-137,051,000","8,086,000","81,802,000","-108,958,000","-62,227,000","-131,918,000","-14,271,000","-40,560,000","-222,337,000","35,439,000","-83,891,000","28,169,000","61,092,000","13,886,000","-5,822,000","16,178,000","15,185,000","19,005,000","18,824,000","7,006,000","27,786,000","13,687,000","-27,761,000","-13,088,000","-18,673,000","-66,836,000","14,740,000","11,723,000","462,000","31,660,000","-39,456,000","-24,677,000","-14,568,000","-41,971,000","-14,620,000","-9,213,000","-4,816,000","-8,839,000","-15,913,000","-13,463,000","-11,875,000","-429,430,000","-963,000","-27,841,000","-33,726,000","13,942,000","-149,750,000","-12,797,000","-34,085,000","-96,827,000","-172,318,000","-25,554,000","-459,660,000","49,832,000","-22,373,000","-21,064,000","-29,978,000","-6,418,000","-94,205,000","-18,744,000","-10,500,000","-7,080,000","1,448,000","13,805,000","-2,163,000","1,356,000","4,940,000","4,809,000","3,944,000","586,000","2,454,000","652,000","1,364,000","-595,000","1,307,000","428,000","117,000","-2,760,000","-1,587,000","-1,662,000","-244,000","-548,453","331,290","292,408","269,755","-878,666","-1,017,579","-900,000","-500,000","-2,600,000","-600,000","600,000","-400,000","-600,000","-500,000",,,"-900,000","-600,000","-200,000","-800,000","-1,200,000","-600,000","-700,000","-700,000","-1,100,000","-700,000",,"-1,900,000",,"-2,100,000","100,000",,"100,000","-4,400,000",,,
		NetIncomeIncludingNoncontrollingInterests,"-156,121,000","-137,051,000","8,086,000","81,802,000","-108,958,000","-62,227,000","-131,918,000","-14,271,000","-40,560,000","-222,337,000","35,439,000","-83,891,000","28,169,000","61,092,000","13,886,000","-5,822,000","16,178,000","15,185,000","19,005,000","18,824,000","7,006,000","27,786,000","13,687,000","-27,761,000","-13,088,000","-18,673,000","-66,836,000","14,740,000","11,723,000","462,000","31,660,000","-39,456,000","-24,677,000","-14,568,000","-41,971,000","-14,620,000","-9,213,000","-4,816,000","-8,839,000","-15,913,000","-13,463,000","-11,579,000","-428,728,000","534,000","-30,265,000","-36,274,000","10,733,000","-152,480,000","-15,992,000","-38,795,000","-100,973,000","-180,483,000","-29,434,000","-459,305,000","49,685,000","-22,252,000","-21,393,000","-31,220,000","-6,099,000","-94,496,000","-18,761,000","-9,480,000","-6,364,000","1,776,000","14,336,000","-1,632,000","1,057,000","4,537,000","4,575,000","3,863,000","516,000","2,454,000","652,000","1,364,000","-595,000","1,307,000","428,000","117,000","-2,760,000","-1,587,000","-1,662,000","-244,000","-548,453","331,290","292,408","269,755","-878,666","-1,017,579","-900,000","-500,000","-2,600,000","-600,000","600,000","-400,000","-600,000","-500,000",,,"-900,000","-600,000","-200,000","-800,000","-1,200,000","-600,000","-700,000","-700,000","-1,100,000","-700,000","0","-1,900,000",,"-2,100,000","100,000",,"100,000","-4,400,000",,,
			NetIncomeContinuousOperations,"-156,121,000","-137,051,000","8,086,000","81,802,000","-108,958,000","-62,227,000","-131,918,000","-14,271,000","-40,560,000","-222,337,000","35,439,000","-83,891,000","28,169,000","61,092,000","13,886,000","-5,822,000","16,178,000","15,185,000","19,005,000","18,824,000","7,006,000","27,786,000","13,687,000","-27,761,000","-13,088,000","-18,673,000","-66,836,000","14,740,000","11,723,000","462,000","31,660,000","-39,456,000","-24,677,000","-14,568,000","-41,971,000","-14,620,000","-9,213,000","-4,816,000","-8,839,000","-15,913,000","-13,463,000","-17,649,000","-430,037,000","-8,786,000","-25,133,000","-36,330,000","-14,321,000","-55,850,000","-15,992,000","-38,795,000","-100,973,000","-180,483,000","-29,434,000","-443,385,000","43,144,000","-29,113,000","-24,630,000","-45,613,000","-11,188,000","-90,632,000","-14,680,000","-10,471,000","-12,950,000","-2,762,000","13,802,000","-12,445,000","1,636,000","4,940,000","4,809,000","3,215,000","431,000","483,000","647,000","1,364,000","-595,000","1,307,000","428,000","137,000","-2,760,000","-1,587,000","-1,662,000","-244,000","-548,453","331,290","292,408","269,755","-878,666","-1,017,579","-900,000","-500,000","-2,600,000","-600,000","600,000","-400,000","-600,000","-500,000",,,"-900,000","-600,000","-200,000","-800,000","-1,200,000","-600,000","-700,000","-700,000","-1,100,000","-700,000","-500,000","-1,900,000",,"-2,100,000","100,000",,"100,000","-4,400,000",,,
			NetIncomeDiscontinuousOperations,,,,,,,,,,,,,,,,,,,,,,,,,,,,,,,,,,,,,,,,"0","0","7,002,000","1,309,000","9,320,000","-5,132,000","56,000","25,054,000","-96,630,000",,"0","0","0","0","-16,275,000","6,688,000","6,740,000","3,566,000","15,635,000","4,770,000","-3,573,000","-4,064,000","164,000","6,193,000","-1,865,000","3,000","10,282,000","-280,000",,,"729,000","155,000","1,971,000","5,000",,,,,,,,,,,,,,,,,,,,,,,,,,,,,,,,,,,,,,,,,,,,,,
			NetIncomeExtraordinary,,,,,,,,,,,,,,,,,,,,,,,,,,,,,,,,,,,"0","0","0","0","0",,,,,,,,,,,,,,,,,,,,,,,"-193,000","-323,000","6,075,000",,,,,,,,,,,"0",,,,,,,,,,,,,,,,,,,,,,,,,,,,,,,,,,,,,,,,,,,,
			NetIncomeFromTaxLossCarryforward,,,,,,,,,,,,,,,,,,,,,,,,,,,,,,,,,,,,,,,,,,,,,,,,,,,,,,,,,,,,,,,,,,,,,,,,,,,,,,"-20,000",,,,,,,,,,,,,,,,,,,,,,,,,,,,,"0",,"500,000",,,,,,,,,,
		MinorityInterests,,,,,,,,,,,,,,,,"0",,,,,,,,,,,,,,,,,,,,,,,,"0","0","-296,000","-702,000","-1,497,000","2,424,000","2,548,000","3,209,000","2,730,000","3,195,000","4,710,000","4,146,000","8,165,000","3,880,000",,"147,000","-121,000","329,000","1,242,000","-319,000","291,000","17,000","-1,020,000","-716,000","-328,000","-531,000","-531,000","299,000","403,000","234,000","81,000",,,,,,,,,,,,,,,,,,,,,,,,,,,,,,,,,,,,,,,,,,,,,,,,,
	PreferredStockDividends,,,,,,,,,,,,,,,,,,,,,,,,"0","0",,,,,,,,,,,,,,,,,,,,,,,,,,,,,,,,,,,,,,,,,,,,,,,,,,,,,,,,,,,,,,,,,,,,,,,,,,,,,,,,,,,,,,,,,,,,,,
	OtherunderPreferredStockDividend,,,,,,,,,"0","0","379,000",,"324,000","693,000","195,000",,"242,000","192,000","193,000","238,000","92,000","299,000",,,,,,"228,000","108,000",,,,,,,,,,,,,,,,,,,,,,,"0",,,,,,,,,,,,,,,,,,,,,,,,,,,,,,,,,,,,,,,,,,,,,,,,,,,,,,,,,,,,,,,,,,,
AverageDilutionEarnings,,,,,,,,,"0","0",,,"114,000","2,756,000",,,,"0",,"2,566,000",,"2,509,000",,,,,,,,,,,,,,,,,,,,,,,,,,,,,,,,,,,,,,,,,,,,,,,,,,,,,,,,,,,,,,,,,,,,,,,,,,,,,,,,,,,,,,,,,,,,,,,,,
DilutedNIAvailtoComStockholders,"-156,121,000","-137,051,000","8,086,000","81,802,000","-108,958,000","-62,227,000","-131,918,000","-14,271,000","-40,560,000","-222,337,000","35,060,000","-83,891,000","27,959,000","63,155,000","13,691,000","-5,822,000","15,936,000","14,993,000","18,812,000","21,152,000","6,914,000","29,996,000","13,687,000","-27,761,000","-13,088,000","-18,673,000","-66,619,000","14,512,000","11,615,000","462,000","31,660,000","-39,456,000","-24,677,000","-14,568,000","-41,971,000","-14,620,000","-9,213,000","-4,816,000","-8,839,000","-15,913,000","-13,463,000","-11,875,000","-429,430,000","-963,000","-27,841,000","-33,726,000","13,942,000","-149,750,000","-12,797,000","-34,085,000","-96,827,000","-172,318,000","-25,554,000","-459,660,000","49,832,000","-22,373,000","-21,064,000","-29,978,000","-6,418,000","-94,205,000","-18,744,000","-10,500,000","-7,080,000","1,448,000","13,805,000","-2,163,000","1,356,000","4,940,000","4,809,000","3,944,000","586,000","2,454,000","652,000","1,364,000","-595,000","1,307,000","428,000","117,000","-2,760,000","-1,587,000","-1,662,000","-244,000","-548,453","331,290","292,408","269,755","-878,666","-1,017,579","-900,000","-500,000","-2,600,000","-600,000","600,000","-400,000","-600,000","-500,000",,,"-900,000","-600,000","-200,000","-800,000","-1,200,000","-600,000","-700,000","-700,000","-1,100,000","-700,000",,"-1,900,000",,"-2,100,000","100,000",,"100,000","-4,400,000",,,
BasicEPS,,"-2.31","0.14","1.38","-1.84","-1.15","-2.47","-0.27","-0.76","-4.18","0.68","-1.65","0.56","1.23","0.3","-0.13","0.35","0.33","0.41","0.41","0.15","0.6","0.3","-0.67","-0.317","-0.456","-1.705","0.387","0.307","0.01",,"-1.179","-0.772","-0.462","-1.334","-0.858","-0.572","-0.286","-0.534","-5.243","-4.385",,"-146.808","-0.286","-9.533",,"4.862","-51.478","-4.767",,"-33.366","-84.844","-23.833",,"46.712","-20.973","-24.786",,"-9.533","-143.948","-32.412",,"-12.393","7.626","26.692","-4.767",,"11.44","11.44","9.533",,"8.58","2.86","5.72",,"5.72","1.907","0.953",,"-12.393","-14.3","-1.907",,"2.86","2.86","2.86",,"-12.393","-13.346","-7.626",,"-8.58","9.533","-7.626",,"-7.626",,"0",,"-11.44","-2.86","-16.206",,"-14.3","-17.159","-19.066",,"20.973","0.953","-52.432","0.953",,"3.813","0.953","3.813",,,,
DilutedEPS,,"-2.31","0.14","1.37","-1.84","-1.15","-2.47","-0.27","-0.76","-4.18","0.68","-1.65","0.56","1.14","0.3","-0.13","0.35","0.33","0.41","0.41","0.15","0.58","0.3","-0.67","-0.317","-0.456","-1.705","0.387","0.307","0.01",,"-1.179","-0.772","-0.462","-1.334","-0.858","-0.572","-0.286","-0.534","-5.243","-4.385",,"-146.808","-0.286","-9.533",,"4.671","-51.478","-4.767",,"-33.366","-84.844","-23.833",,"45.758","-20.973","-24.786",,"-9.533","-143.948","-32.412",,"-12.393","7.626","25.739","-4.767",,"11.44","10.486","8.58",,"7.626","2.86","4.767",,"4.767","1.907","0.953",,"-12.393","-14.3","-1.907",,"2.86","1.907","2.86",,"-12.393","-13.346","-7.626",,"-8.58","8.58","-7.626",,"-7.626",,"0",,"-11.44","-2.86","-16.206",,"-14.3","-17.159","-19.066",,"20.973","0.953","-52.432","0.953",,"3.813","0.953","3.813",,,,
BasicAverageShares,,"59,413,000","59,565,000","59,437,000","59,367,000","54,280,000","53,383,000","53,374,000","53,265,000","53,153,000","51,488,000","50,942,000","49,960,000","49,127,000","46,381,000","45,709,000","45,684,000","45,634,000","45,596,000","45,561,000","45,541,000","45,476,000","45,396,000","41,580,000","41,385,078","41,343,708","39,150,092","37,727,369","37,675,909","37,523,547",,"33,435,995","31,895,479","31,619,995","31,627,987","17,572,934","16,715,492","16,805,076","16,504,751","3,021,710","3,022,968",,"2,924,888","2,923,839","2,924,280",,"2,887,859","2,893,440","282,778,000",,"2,889,590","2,024,837","1,064,742",,"1,062,381","1,060,074","849,840",,"673,239","654,436","578,300",,"571,294","517,188","517,188","443,773",,"431,833","420,381","413,720",,"286,024","227,980","238,470",,"228,504","224,483","237,689",,"128,057","116,228","127,976",,"115,840","102,244","94,323",,"79,758","67,435","65,562",,"69,932","62,939","52,449",,"65,562",,"54,868",,"52,449","69,932","49,364",,"41,959","40,794","36,715",,"30,454","36,238","36,238","29,896",,"26,225","26,225","26,225",,,,
DilutedAverageShares,,"59,413,000","59,840,000","59,761,000","59,367,000","54,280,000","53,383,000","53,374,000","53,265,000","53,153,000","55,867,000","50,942,000","55,672,000","55,550,000","46,409,000","45,709,000","45,723,000","45,677,000","45,596,000","51,992,000","45,541,000","51,865,000","45,396,000","41,580,000","41,385,078","41,343,708","39,150,092","37,737,460","37,700,126","37,718,288",,"33,435,995","31,895,479","31,619,995","31,627,987","17,572,934","16,715,492","16,805,076","16,504,751","3,021,710","3,022,968",,"2,924,888","2,923,839","2,924,280",,"2,958,770","2,893,440","282,778,000",,"2,889,590","2,024,837","1,064,742",,"1,078,253","1,129,695","849,840",,"673,239","654,436","578,300",,"571,294","536,343","536,343","464,165",,"431,833","458,598","459,689",,"321,777","227,980","286,163",,"274,205","224,483","237,689",,"128,057","116,228","127,976",,"115,840","102,244","94,323",,"79,758","67,435","65,562",,"69,932","69,932","52,449",,"65,562",,"54,868",,"52,449","69,932","49,364",,"41,959","40,794","36,715",,"30,454","36,238","36,238","29,896",,"26,225","26,225","26,225",,,,
TotalOperatingIncomeAsReported,"-84,053,000","-121,096,000","23,751,000","97,793,000","-84,501,000","-44,662,000","-114,132,000","2,750,000","-25,443,000","-181,173,000","59,531,000","18,405,000","48,621,000","21,423,000","20,408,000","4,894,000","28,983,000","27,656,000","21,602,000","26,716,000","16,451,000","29,189,000","28,325,000","-21,784,000","-3,313,000","-19,719,000","-10,077,000","26,274,000","27,460,000","17,857,000","38,248,000","-36,598,000","-24,380,000","-14,802,000","-26,557,000","-9,323,000","-3,264,000","-169,000","-5,021,000","-7,367,000","-5,894,000","-7,271,000","-428,297,000","-8,422,000","-6,709,000","-23,377,000","-13,792,000","-49,858,000","-18,437,000","-13,700,000","-85,215,000","-146,435,000","-9,028,000","-455,195,000","-15,570,000","60,527,000","-4,780,000","-33,770,000","-9,653,000","74,062,000","-13,066,000","-133,902,000","-16,672,000","1,191,000","933,000","1,969,000","1,780,000","6,834,000","6,111,000","3,983,000","621,000","813,000","1,208,000","1,853,000","-168,000","1,715,000","850,000","634,000","-2,482,000","-1,322,000","-1,342,000","105,000","-308,159","805,156","935,643","257,976","-555,072","-523,189","-500,000","-500,000","-1,600,000","-600,000","-200,000","-500,000","-600,000","-500,000","-200,000","-300,000","-800,000","-700,000","-100,000","-800,000","-1,100,000","-500,000","-600,000","-600,000","-800,000","-600,000","-200,000","-1,700,000",,"-700,000","100,000","100,000","200,000",,,"100,000","100,000"
RentExpenseSupplemental,,,,,,,,,,,,,,,,,,,,,,,"13,000","10,000","10,000","114,000","669,000","1,575,000","1,508,000","1,531,000","1,710,000","1,204,000","1,700,000","1,024,000","1,452,000","1,000,000","1,941,000","1,234,000",,,,,,,,,,,,,,,,,,,,,,,,,,,,,,,,,,,,,,,,,,,,,,,,,,,,,,,,,,,,,,,,,,,,,,,,,,,,,,,,,
TotalExpenses,"5,253,990,000","1,471,326,000","1,268,224,000","1,212,572,000","1,301,868,000","997,816,000","811,739,000","687,386,000","540,654,000","1,316,669,000","1,339,224,000","1,382,610,000","1,359,970,000","1,167,028,000","851,900,000","902,753,000","826,664,000","737,151,000","641,318,000","583,790,000","547,794,000","575,811,000","533,080,000","530,042,000","416,261,000","396,860,000","453,346,000","459,310,000","555,829,000","524,693,000","667,547,000","886,404,000","824,098,000","755,197,000","769,108,000","43,252,000","35,569,000","62,695,000","6,609,000","15,070,000","15,804,000","20,008,000","444,843,000","25,304,000","29,765,000","59,787,000","26,444,000","85,880,000","62,393,000","84,114,000","109,137,000","169,377,000","67,684,000","510,541,000","76,355,000","8,577,000","58,432,000","67,973,000","55,506,000","-28,430,000","54,364,000","177,098,000","54,791,000","47,427,000","43,103,000","12,360,000","27,020,000","20,076,000","14,511,000","15,355,000","11,879,000","9,529,000","6,866,000","5,903,000","7,616,000","5,260,000","4,854,000","5,014,000","4,084,000","2,380,000","3,131,000","2,338,000","2,878,405","2,896,710","2,471,414","1,943,429","2,247,697","1,762,711","1,100,000","600,000","2,700,000","800,000","400,000","700,000","900,000","1,000,000","900,000","600,000","1,200,000","1,200,000","600,000","1,200,000","1,700,000","900,000","900,000","800,000","1,000,000","800,000","800,000","2,100,000","300,000","1,600,000","200,000","200,000","200,000","5,200,000","100,000",,
NetIncomeFromContinuingAndDiscontinuedOperation,"-156,121,000","-137,051,000","8,086,000","81,802,000","-108,958,000","-62,227,000","-131,918,000","-14,271,000","-40,560,000","-222,337,000","35,439,000","-83,891,000","28,169,000","61,092,000","13,886,000","-5,822,000","16,178,000","15,185,000","19,005,000","18,824,000","7,006,000","27,786,000","13,687,000","-27,761,000","-13,088,000","-18,673,000","-66,836,000","14,740,000","11,723,000","462,000","31,660,000","-39,456,000","-24,677,000","-14,568,000","-41,971,000","-14,620,000","-9,213,000","-4,816,000","-8,839,000","-15,913,000","-13,463,000","-10,943,000","-429,430,000","-963,000","-27,841,000","-33,726,000","13,942,000","-149,750,000","-12,797,000","-34,085,000","-96,827,000","-172,318,000","-25,554,000","-459,660,000","49,832,000","-22,373,000","-21,064,000","-29,978,000","-6,418,000","-94,205,000","-18,744,000","-10,307,000","-6,757,000","-4,627,000","13,805,000","-2,163,000","1,356,000","4,940,000","4,809,000","3,944,000","586,000","2,454,000","652,000","1,364,000","-595,000","1,307,000","428,000","137,000","-2,760,000","-1,587,000","-1,662,000","-244,000","-548,453","331,290","292,408","269,755","-878,666","-1,017,579","-900,000","-500,000","-2,600,000","-600,000","600,000","-400,000","-600,000","-500,000",,,"-900,000","-600,000","-200,000","-800,000","-1,200,000","-600,000","-700,000","-700,000","-1,100,000","-700,000",,"-1,900,000",,"-2,100,000","100,000",,"100,000","-4,400,000",,,
NormalizedIncome,"-151,079,800","-136,988,200.243","9,210,930","81,813,914.648","-104,004,220","-127,226,000","-118,852,460","-14,384,150","-40,475,648.396","-162,898,097.874","37,566,220","-82,482,757.794","32,158,450","68,145,260","20,332,630","-3,485,270","16,976,709.898","25,548,794.927","22,865,400","19,764,043.024","9,225,825.606","28,706,532.18","15,883,107.328","-27,542,000","-15,443,864.268","-22,962,400","-66,033,200","29,468,370.044","27,251,600","10,115,783.681","35,010,750","-38,377,101.651","-24,688,700","-15,342,150","-28,424,788.602","-12,681,000","-2,331,000","-3,626,500","-4,089,000","-15,874,000","-13,492,000","-18,338,250","-433,970,150","-12,743,963.848","-15,258,700","-27,787,465.049","-15,801,100","-54,924,400","-21,434,200","-30,712,800","-93,360,550","-162,963,850","-20,347,132.558","-430,293,889.841","3,037,700","5,123,647.116","-5,555,275.145","-30,230,892.334","-19,684,966.463","-93,739,000","-14,466,651.02","-11,395,428.246","-646,501.542","-2,254,402.606","-1,696,655.557","12,621,498.562","2,059,000","5,243,000","4,974,600","3,194,600","920,000","457,200","678,800","1,539,200","-1,046,800","2,197,400","422,000","130,400","-1,238,400","-1,592,400","-1,662,600","-245,800","333,642.4","313,377.6","286,594.6","313,005.4","-878,666","-951,436.2","-900,000","-500,000","-2,000,000","-540,000","0","-460,000","-600,000","-500,000",,,"-900,000","-600,000","-200,000","-800,000","-1,200,000","-600,000","-700,000","-700,000","-1,100,000","-700,000",,"-1,900,000",,"-2,100,000","100,000",,"100,000","-4,400,000",,,
InterestIncome,,,,,,,,,,,,,,,,,,,,,,,,,,,,,,,,,,,,,,,,,,,,,,,,,,"675,000","1,023,000","108,000","648,000","1,732,000","3,142,000","3,388,000","1,870,000",,,,,,,,,,,,,,,,,,,,,,,,,,,,,,,,,,,,,,,,,,,,,,,,,,,,,,,,,,,,,,
InterestExpense,"64,736,000","16,394,000","15,782,000","15,374,000","17,186,000","18,151,000","17,611,000","17,523,000","16,414,000","18,674,000","17,503,000","18,348,000","20,278,000","18,710,000","10,422,000","10,425,000","10,544,000","8,377,000","6,132,000","7,419,000","9,139,000","8,942,000","6,555,000","11,232,000","6,106,000","4,613,000","4,387,000","4,387,000","5,825,000","5,557,000","5,803,000","7,076,000","3,397,000","3,507,000","12,831,000","2,912,000","2,975,000","2,896,000","1,056,000","2,604,000","2,258,000",,"6,727,000","7,997,000",,,"7,567,000","9,556,000","10,560,000","11,349,000","10,729,000","15,883,000","17,074,000","14,239,000","10,573,000","8,659,000","7,950,000","9,144,000","5,119,000","5,341,000",,"7,582,000","6,462,000","7,353,000","5,494,000",,"3,586,000","2,136,000","1,353,000",,"304,000","373,000","576,000","509,000",,,"432,000","508,000","378,000","274,000","321,000","352,000","366,135","503,720","652,924","338,221",,"384,152",,"100,000",,,,,,,,,,,,,"100,000","100,000","100,000","100,000","100,000","100,000","200,000","200,000",,,,,,,,,
NetInterestIncome,"-64,736,000","-16,394,000","-15,782,000","-15,374,000","-17,186,000","-18,151,000","-17,611,000","-17,523,000","-16,414,000","-18,674,000","-17,503,000","-18,348,000","-20,278,000","-18,710,000","-10,422,000","-10,425,000","-10,544,000","-8,377,000","-6,132,000","-7,419,000","-9,139,000","-8,942,000","-6,555,000","-11,232,000","-6,106,000","-4,613,000","-4,387,000","-4,387,000","-5,825,000","-5,557,000","-5,803,000","-7,076,000","-3,397,000","-3,507,000","-9,665,000","-3,935,000","-2,975,000","-2,896,000","-1,056,000","-2,604,000","-2,258,000","-10,794,000","-6,727,000","-7,997,000","-6,806,000","-7,821,000","-7,567,000","-9,556,000","-10,560,000","-10,674,000","-9,706,000","-15,775,000","-16,426,000","-12,507,000","-7,431,000","-5,271,000","-6,080,000","-9,144,000","-5,119,000","-5,341,000",,"-7,582,000","-6,462,000","-7,353,000","-5,494,000",,"-3,586,000","-2,136,000","-1,353,000",,"-304,000","-373,000","-576,000","-509,000",,,"-432,000","-508,000","-378,000","-274,000","-321,000","-352,000","-366,135","-503,720","-652,924","-338,221",,"-384,152",,"-100,000",,,,,,,,,,,,,"-100,000","-100,000","-100,000","-100,000","-100,000","-100,000","-200,000","-200,000",,,,,,,,,
EBIT,"-90,801,000","-121,094,000","23,696,000","97,762,000","-91,165,000","-44,076,000","-114,172,000","3,360,000","-26,862,000","-221,910,000","52,255,000","-67,971,000","46,642,000","15,033,000","23,756,000","4,962,000","27,214,000","23,596,000","22,056,000","26,943,000","16,559,000","37,376,000","20,447,000","-16,499,000","-15,466,000","-13,724,000","-61,164,000","19,596,000","-1,059,000","6,084,000","37,121,000","-32,530,000","-21,278,000","-11,026,000","-29,790,000","-11,708,000","-6,238,000","-1,270,000","-10,540,000","-7,399,000","-5,863,000","-4,638,000","-423,246,000","-4,727,000","-6,709,000","-47,003,000","-6,668,000","-46,091,000","-5,157,000","-27,178,000","-89,979,000","-164,335,000","-12,943,000","-413,664,000","-15,570,000","60,957,000","-2,441,000","-33,770,000","-9,653,000","74,062,000","-13,066,000","-133,552,000","-5,663,000","1,191,000","933,000","22,310,000","1,780,000","6,834,000","6,111,000","3,983,000","621,000","813,000","1,208,000","1,853,000","-1,330,000","2,457,000","850,000","634,000","-1,164,000","-1,322,000","-1,342,000","105,000","489,841","805,156","935,643","469,018","-555,072","-523,189","-500,000","-500,000","-1,600,000","-600,000","-200,000","-500,000","-600,000","-500,000","-200,000","-300,000","-800,000","-700,000","-100,000","-800,000","-1,100,000","-500,000","-600,000","-600,000","-800,000","-600,000","-200,000","-1,700,000","0","-700,000","100,000","100,000","200,000","-4,500,000","0","100,000","100,000"
EBITDA,"4,340,000"
ReconciledCostOfRevenue,"4,895,001,000","1,374,029,000","1,178,086,000","1,122,040,000","1,220,846,000","911,743,000","734,723,000","608,110,000","463,406,000","1,231,494,000","1,246,278,000","1,287,982,000","1,273,761,000","1,081,689,000","784,146,000","835,977,000","760,699,000","674,936,000","581,650,000","520,780,000","485,637,000","512,549,000","481,770,000","468,939,000","369,762,000","347,483,000","406,744,000","409,749,000","510,036,000","480,757,000","619,312,000","834,356,000","782,591,000","716,145,000","738,323,000","31,874,000","30,152,000","54,557,000","4,000","3,296,000","2,791,000","14,254,000","424,447,000","3,224,000","6,031,000","9,477,000","2,801,000","38,894,000","13,851,000","21,039,000","59,469,000","110,151,000","11,534,000","426,589,000","31,928,000","23,550,000","12,009,000","16,063,000","20,261,000","84,100,000","19,165,000","16,581,000","19,835,000","14,221,000","14,510,000","9,638,000","10,040,000","8,139,000","6,430,000","6,786,000","7,548,000","2,489,000","2,456,000","2,329,000","2,849,000","2,442,000","2,481,000","2,132,000","1,558,000","758,000","992,000","777,000","959,282","1,637,525","1,328,314","955,879","584,286","960,088","500,000","200,000","300,000","200,000","100,000","200,000","700,000","300,000","400,000","100,000","500,000","600,000","200,000","500,000","500,000","200,000","200,000","100,000","200,000","400,000","100,000","100,000","100,000","400,000","100,000","100,000","100,000",,,,
ReconciledDepreciation,"95,141,000","23,780,000","24,195,000","23,618,000","23,548,000","22,880,000","23,804,000","22,821,000","22,128,000","21,283,000","21,018,000","22,227,000","21,919,000","20,957,000","13,638,000","13,192,000","12,775,000","13,037,000","12,141,000","11,304,000","11,284,000","11,260,000","11,778,000","9,643,000","5,101,000","5,095,000","7,066,000","4,596,000","5,005,000","3,251,000","4,628,000","3,918,000","3,290,000","3,061,000","2,960,000","1,218,000","1,037,000","767,000",,"4,899,000","5,327,000","5,786,000","10,701,000","11,813,000","16,130,000","17,095,000","19,245,000","26,973,000","28,758,000","31,441,000","31,260,000","36,107,000","32,614,000","38,067,000","26,341,000","18,861,000","29,990,000","28,385,000","26,613,000","24,216,000","23,311,000","26,661,000","22,716,000","19,483,000","15,935,000","10,778,000","9,378,000","5,471,000","3,974,000","5,197,000","3,139,000","3,102,000","2,506,000","1,819,000","1,600,000","1,542,000","1,318,000","1,786,000","1,263,000","725,000","1,007,000","934,000","977,478","599,673","490,660","465,189","959,399","194,971","200,000",,"100,000","0","0","100,000","100,000","0","100,000","100,000","100,000","100,000","100,000","100,000","700,000","100,000","0","100,000","200,000","100,000","200,000","100,000",,"600,000","0",,,,,,
NetIncomeFromContinuingOperationNetMinorityInterest,"-156,121,000","-137,051,000","8,086,000","81,802,000","-108,958,000","-62,227,000","-131,918,000","-14,271,000","-40,560,000","-222,337,000","35,439,000","-83,891,000","28,169,000","61,092,000","13,886,000","-5,822,000","16,178,000","15,185,000","19,005,000","18,824,000","7,006,000","27,786,000","13,687,000","-27,761,000","-13,088,000","-18,673,000","-66,836,000","14,740,000","11,723,000","462,000","31,660,000","-39,456,000","-24,677,000","-14,568,000","-41,971,000","-14,620,000","-9,213,000","-4,816,000","-8,839,000","-15,913,000","-13,463,000","-17,945,000","-430,739,000","-10,283,000","-22,709,000","-33,782,000","-11,112,000","-53,120,000","-12,797,000","-34,085,000","-96,827,000","-172,318,000","-25,554,000","-443,385,000","43,144,000","-29,113,000","-24,630,000","-45,613,000","-11,188,000","-90,632,000","-14,680,000","-10,471,000","-12,950,000","-2,762,000","13,802,000","-12,445,000","1,636,000","4,940,000","4,809,000","3,215,000","431,000","483,000","647,000","1,364,000","-595,000","1,307,000","428,000","137,000","-2,760,000","-1,587,000","-1,662,000","-244,000","-548,453","331,290","292,408","269,755","-878,666","-1,017,579","-900,000","-500,000","-2,600,000","-600,000","600,000","-400,000","-600,000","-500,000",,,"-900,000","-600,000","-200,000","-800,000","-1,200,000","-600,000","-700,000","-700,000","-1,100,000","-700,000",,"-1,900,000",,"-2,100,000","100,000",,"100,000","-4,400,000",,,
TotalUnusualItemsExcludingGoodwill,"-8,402,000","-63,000","-1,541,000","-12,000","-6,786,000","64,999,000","-17,898,000","155,000","-90,000","-64,317,000","-2,914,000","-1,449,000","-5,465,000","-9,662,000","-8,831,000","-3,201,000","-823,000","-10,387,000","-6,434,000","-975,000","-2,351,000","-942,000","-2,229,000","-365,000","3,883,000","7,149,000","-1,338,000","-15,197,000","-25,881,000","-11,012,000","-5,155,000","-1,083,000","18,000","1,191,000","-13,756,000","-1,939,000","-6,882,000","-1,830,000","-4,750,000","-39,000","29,000","605,000","4,971,000","3,564,000","-11,462,000","-5,998,000","7,214,000","2,776,000","13,288,000","-5,188,000","-5,333,000","-14,391,000","-5,310,000","-13,330,000","61,702,000","-35,248,000","-20,097,000","-16,065,000","9,081,000","4,780,000","-322,000","1,474,000","-19,716,000","-818,000","24,865,000","-40,618,000","-705,000","-505,000","-276,000","34,000","-815,000","43,000","-53,000","-292,000","753,000","-1,484,000","10,000","11,000","-2,536,000","9,000","1,000","3,000","-1,470,159","29,854","9,689","-72,084","0","-110,238",,,"-1,000,000","-100,000","1,000,000","100,000",,,,,,,,,,,,,,,,,,,,,,,,,
TotalUnusualItems,"-8,402,000","-63,000","-1,541,000","-12,000","-6,786,000","64,999,000","-17,898,000","155,000","-90,000","-64,317,000","-2,914,000","-1,449,000","-5,465,000","-9,662,000","-8,831,000","-3,201,000","-823,000","-10,387,000","-6,434,000","-975,000","-2,351,000","-942,000","-2,229,000","-365,000","3,883,000","7,149,000","-1,338,000","-15,197,000","-25,881,000","-11,012,000","-5,155,000","-1,083,000","18,000","1,191,000","-13,756,000","-1,939,000","-6,882,000","-1,830,000","-4,750,000","-39,000","29,000","605,000","4,971,000","3,564,000","-11,462,000","-5,998,000","7,214,000","2,776,000","13,288,000","-5,188,000","-5,333,000","-14,391,000","-5,310,000","-13,330,000","61,702,000","-35,248,000","-20,097,000","-16,065,000","9,081,000","4,780,000","-322,000","1,474,000","-19,716,000","-818,000","24,865,000","-40,618,000","-705,000","-505,000","-276,000","34,000","-815,000","43,000","-53,000","-292,000","753,000","-1,484,000","10,000","11,000","-2,536,000","9,000","1,000","3,000","-1,470,159","29,854","9,689","-72,084","0","-110,238",,,"-1,000,000","-100,000","1,000,000","100,000",,,,,,,,,,,,,,,,,,,,,,,,,
NormalizedEBITDA,"12,742,000","-97,251,000","49,432,000","121,392,000","-60,831,000","-86,195,000","-72,470,000","26,026,000","-4,644,000","-136,310,000","76,187,000","-44,295,000","74,026,000","45,652,000","46,225,000","21,355,000","40,812,000","47,020,000","40,631,000","39,222,000","30,194,000","49,578,000","34,454,000","-6,491,000","-14,248,000","-15,778,000","-52,760,000","39,389,000","29,827,000","20,347,000","46,904,000","-27,529,000","-18,006,000","-9,156,000","-13,074,000","-8,551,000","1,681,000","1,327,000","-5,389,000","-2,461,000","-565,000","665,000","-417,516,000","3,522,000","20,883,000","-23,910,000","5,363,000","-21,894,000","10,313,000","9,451,000","-53,386,000","-113,837,000","24,981,000","-362,267,000","-49,092,000","120,221,000","47,646,000","10,680,000","7,879,000","93,498,000","10,567,000","-108,365,000","37,664,000","21,492,000","-7,997,000","73,706,000","11,863,000","12,810,000","10,361,000","9,146,000","4,575,000","3,872,000","3,767,000","3,964,000","-483,000","5,483,000","2,158,000","2,409,000","2,635,000","-606,000","-336,000","1,036,000","2,937,478","1,374,975","1,416,614","1,006,291","404,327","-217,980","-300,000","-500,000","-500,000","-400,000","-1,200,000","-500,000","-500,000","-500,000","-100,000","-200,000","-700,000","-600,000","0","-700,000","-400,000","-400,000","-500,000","-500,000","-600,000","-500,000","0","-1,600,000","0","-100,000","100,000","100,000","200,000","-4,500,000","0","100,000","100,000"
TaxRateForCalcs,"0.4","0.003","0.27","0.007","0.27","0","0.27","0.27","0.063","0.076","0.27","0.028","0.27","0.27","0.27","0.27","0.03","0.002","0.4","0.036","0.056","0.023","0.015","0.4","0.393","0.4","0.4","0.031","0.4","0.123","0.35","0.004","0.35","0.35","0.015","0","0","0.35","0","0","0","0.35","0.35","0.309","0.35","0.001","0.35","0.35","0.35","0.35","0.35","0.35","0.019","0.018","0.35","0.029","0.051","0.043","0.064","0.35","0.337","0.373","0.376","0.379","0.377","0.383","0.4","0.4","0.4","0.4","0.4","0.4","0.4","0.4","0.4","0.4","0.4","0.4","0.4","0.4","0.4","0.4","0.4","0.4","0.4","0.4","0.4","0.4","0.4","0.4","0.4","0.4","0.4","0.4","0.4","0.4",,,"0.4","0.4","0.4","0.4","0.4","0.4","0.4","0.4","0.4","0.4",,"0.4",,"0.4","0.4",,"0.4","0.4",,,
TaxEffectOfUnusualItems,"-3,360,800","-200.243","-416,070","-85.352","-1,832,220","0","-4,832,460","41,850","-5,648.396","-4,878,097.874","-786,780","-40,757.794","-1,475,550","-2,608,740","-2,384,370","-864,270","-24,290.102","-23,205.073","-2,573,600","-34,956.976","-131,174.394","-21,467.82","-32,892.672","-146,000","1,527,135.732","2,859,600","-535,200","-468,629.956","-10,352,400","-1,358,216.319","-1,804,250","-4,101.651","6,300","416,850","-209,788.602","0","0","-640,500","0","0","0","211,750","1,739,850","1,103,036.152","-4,011,700","-3,465.049","2,524,900","971,600","4,650,800","-1,815,800","-1,866,550","-5,036,850","-103,132.558","-238,889.841","21,595,700","-1,011,352.884","-1,022,275.145","-682,892.334","584,033.537","1,673,000","-108,651.02","549,571.754","-7,412,501.542","-310,402.606","9,366,344.443","-15,551,501.438","-282,000","-202,000","-110,400","13,600","-326,000","17,200","-21,200","-116,800","301,200","-593,600","4,000","4,400","-1,014,400","3,600","400","1,200","-588,063.6","11,941.6","3,875.6","-28,833.6","0","-44,095.2","0","0","-400,000","-40,000","400,000","40,000","0","0",,,"0","0","0","0","0","0","0","0","0","0",,"0",,"0","0",,"0","0",,,