name,ttm,03/31/2022,12/31/2021,09/30/2021,06/30/2021,03/31/2021,12/31/2020,09/30/2020,06/30/2020,03/31/2020,12/31/2019,09/30/2019,06/30/2019,03/31/2019,12/31/2018,09/30/2018,06/30/2018,03/31/2018,12/31/2017,09/30/2017,06/30/2017,03/31/2017,12/31/2016,09/30/2016,06/30/2016,03/31/2016,12/31/2015,09/30/2015,06/30/2015,03/31/2015,12/31/2014,09/30/2014,06/30/2014,03/31/2014,12/31/2013,09/30/2013,06/30/2013,03/31/2013,12/31/2012,09/30/2012,06/30/2012,03/31/2012,12/31/2011,09/30/2011,06/30/2011,03/31/2011,12/31/2010,09/30/2010,06/30/2010,03/31/2010,12/31/2009,09/30/2009,06/30/2009,03/31/2009,12/31/2008,09/30/2008,06/30/2008,03/31/2008,12/31/2007,09/30/2007,06/30/2007,03/31/2007,09/30/2001,06/30/2001,03/31/2001,12/31/2000,09/30/2000,06/30/2000,03/31/2000,12/31/1999,09/30/1999,06/30/1999,03/31/1999,12/31/1998,09/30/1998,06/30/1998,03/31/1998,12/31/1997,09/30/1997,06/30/1997,03/31/1997
TotalRevenue,"240,269,166","70,101,563","64,689,186","57,064,967","42,078,561","26,896,778","15,418,403","11,148,302","9,018,847","5,129,353","2,633,480","2,833,237","4,184,295","1,284,922","444,417","1,311,368","1,118,689","1,766,685","40,592","152,612","315,579","653,784","0","0","0","0","0","0","0","0","0","0","0","0","0","0","0","0","0","0","0","0","0","0","0","0","0","0","0","0","0","0","0","0",,,,,"0","0","0","0",,,"12,518,810","2,634,590","4,343,044","4,031,020","12,859,302","2,807,460","6,500,000","2,600,000","8,200,000","2,834,536","9,900,000","6,600,000","8,200,000","6,724,751","5,100,000","4,000,000","3,900,000"
	OperatingRevenue,"240,269,166","70,101,563","64,689,186","61,002,085","44,476,332","24,189,244","16,620,244","12,012,872","9,659,970","4,755,221","2,772,009","2,954,555","4,298,580","1,363,685","489,080","1,462,859","1,250,028","1,960,688","171,707","152,612","315,579","653,784","0","0","0","0","0","0","0","0","0","0","0","0","0","0","0","0","0","0","0","0","0","0","0","0","0","0","0","0","0","0","0","0",,,,,"0","0","0","0",,,"12,518,810","2,634,590","4,343,044","4,031,020","12,859,302","2,807,460","6,500,000","2,600,000","8,200,000","2,834,536","9,900,000","6,600,000","8,200,000","6,724,751","5,100,000","4,000,000","3,900,000"
	ExciseTaxes,"452,895",,,"3,937,118","2,397,771",,"1,201,841","864,570","641,123",,"138,529","121,318","114,285","78,763","44,663","151,491","131,339","194,003",,,,,,,,,,,,,,,,,,,,,,,,,,,,,,,,,,,,,,,,,,,,,,,,,,,,,,,,,,,,,,,
CostOfRevenue,"151,505,657","49,047,882","42,166,320","30,848,899","23,107,667","21,213,064","12,076,497","9,858,676","7,947,442","6,543,445","3,523,667","3,551,281","4,837,511","1,756,321","535,503","1,123,149","974,117","1,473,611","302,519","99,119","283,309","466,433",,,,,,,,,,,,,,,,,,"0","0","0","0","0","0","0","0","0","0","0","0","0","0","0",,,,,"0","0","0","0",,,"5,694,996","4,221,978","3,608,152","3,550,413","5,510,954","2,322,097","5,700,000","2,200,000","7,300,000","2,791,906","9,100,000","5,700,000","7,000,000","5,824,565","4,400,000",,
GrossProfit,"88,763,509","21,053,681","22,522,866","26,216,068","18,970,894","5,683,714","3,341,906","1,289,626","1,071,405","-1,414,092","-890,187","-718,044","-653,216","-471,399","-91,086","188,219","144,572","293,074","-261,927","53,493","32,270","187,351",,,,,,,,,,,,,,,,,,"0","0","0","0","0","0","0","0","0","0","0","0","0","0","0",,,,,"0","0","0","0",,,"6,823,814","-1,587,388","734,892","480,607","7,348,348","485,363","800,000","400,000","900,000","42,630","800,000","900,000","1,200,000","900,186","700,000",,
OperatingExpense,"51,614,147","18,422,972","11,913,045","11,987,750","9,290,380","6,144,763","3,770,713","2,999,566","2,851,594","2,881,029","1,759,907","2,526,893","2,994,125","2,982,314","2,077,499","1,767,251","1,923,901","2,095,388","1,704,959","598,017","619,096","863,601","8,876","1,236","1,158","1,820","634","942","934","861","1,363","1,095","1,149","1,356","1,001","924","975","3,868","2,723","2,849","4,539","6,229","3,111","142","8,148","1,206","3,620","3,245","11,563","2,809","4,374","3,490","1,688","7,902","-586","3,597","4,084","19,949","3,500","9,859","1,570","28,726",,,"790,021","736,956","1,555,378","983,084","784,826","844,841","400,000","500,000","600,000","499,884","600,000","400,000","600,000","309,255","300,000",,
	SellingGeneralAndAdministration,"37,911,999","14,765,818","8,187,124","8,279,738","6,679,319","5,728,329","3,354,088","2,583,881","2,441,095","2,130,533","1,816,154","2,076,513","2,539,263","2,949,169","2,049,112","1,747,878","1,908,504","2,089,535","1,702,252","596,108","618,041","863,222","6,826","1,236","1,158","1,820","634","942","934","861","1,363","1,095","1,149","1,356","1,001","924","975","3,868","2,723","2,849","4,539","6,229","3,111","142","8,148","1,206","3,620","3,245","11,563","2,809","4,374","3,490","1,688","7,902","-586","3,597","4,084","19,949",,,"1,570","28,726",,,"790,021","736,956","1,547,600","633,627","784,826","844,841","400,000","500,000","600,000","599,884","500,000","400,000","600,000","309,255","300,000",,
		GeneralAndAdministrativeExpense,"30,601,783","11,682,419","6,676,550","6,729,344","5,513,470","5,093,524","2,811,817","2,251,451","2,071,473","1,686,537","1,577,715","1,788,866","2,317,335","2,502,235","1,661,452","1,519,488","1,557,088","1,504,241","1,451,337","475,704","347,140","746,389","6,826","1,236","1,158","1,820","634","942","934","861","1,363","1,095","1,149","1,356","1,001","924","975","3,868","2,723","2,849","4,539","6,229","3,111","142","8,148","1,206","3,620","3,245","11,563","2,809",,"3,490","1,688","7,902",,,,,,,,,,,"700,269","440,197","1,377,277","484,135","606,446",,,,,,,,,,,,
			SalariesAndWages,"13,615,439","5,672,363","2,939,095","2,647,108","2,356,873","1,707,210","1,172,765","1,174,257","982,489","739,608","846,724","834,516","1,217,692","1,331,699","847,729","796,751","878,988","914,258","535,073","193,519","150,088","167,987",,,,,,,,,,,,,,,,,,,,,,,,,,,,,,,,,,,,,,,,,,,,,,,,,,,,,,,,,,,
			OtherGandA,"16,986,344","6,010,056","3,737,455","4,082,236","3,156,597","3,386,314","1,639,052","1,077,194","1,088,984","946,929","730,991","954,350","1,099,643","1,170,536","813,723","722,737","678,100","589,983","916,264","282,185","197,052","578,402","6,826","1,236","1,158","1,820","634","942","934","861","1,363","1,095","1,149","1,356","1,001","924","975","3,868","2,723","2,849","4,539","6,229","3,111","142","8,148","1,206","3,620","3,245","11,563","2,809",,"3,490","1,688","7,902",,,,,,,,,,,"700,269","440,197","1,377,277","484,135","606,446",,,,,,,,,,,,
		SellingAndMarketingExpense,"7,310,216","3,083,399","1,510,574","1,550,394","1,165,849","634,805","542,271","332,430","369,622","443,996","238,439","287,647","221,928","446,934","387,660","228,390","351,416","585,294","250,915","120,404","270,901","116,833",,,,,,,,,,,,,,,,,,,,,,,,,,,,,,,,,,,,,,,,,,,"89,752","296,759","170,323","149,492","178,380",,,,,,,,,,,,
	DepreciationAmortizationDepletionIncomeStatement,"13,702,148","3,657,154","3,725,921","3,708,012","2,611,061","416,434","416,625","415,685","410,499","750,496","-56,247","450,380","454,862","33,145","28,387","19,373","15,397","5,853","2,707","1,909","1,055","379",,,,,,,,,,,,,,,,,,,,,,,,,,,,,,,,,,,,,,,,,,,,,,,,,,,,,"100,000",,,,,,
		DepreciationAndAmortizationInIncomeStatement,"13,702,148","3,657,154","3,725,921","3,708,012","2,611,061","416,434","416,625","415,685","410,499","750,496","-56,247","450,380","454,862","33,145","28,387","19,373","15,397","5,853","2,707","1,909","1,055","379",,,,,,,,,,,,,,,,,,,,,,,,,,,,,,,,,,,,,,,,,,,,,,,,,,,,,"100,000",,,,,,
			DepreciationIncomeStatement,,,,,,,,,,,,,,,"28,387","19,373","15,397","5,853","2,707","1,909","1,055","379",,,,,,,,,,,,,,,,,,,,,,,,,,,,,,,,,,,,,,,,,,,,,,,,,,,,,"100,000",,,,,,
	OtherOperatingExpenses,,,,,,,,,,,,,,,,,,,,,,,,,,,,,,,,,,,,,,,,,,,,,,,,,,,,,,,,,,,,,,,,,,"0","7,778","349,457",,,,,,,,,,,,,
OperatingIncome,"37,149,362","2,630,709","10,609,821","14,228,318","9,680,514","-461,049","-428,807","-1,709,940","-1,780,189","-4,295,121","-2,650,094","-3,244,937","-3,647,341","-3,453,713","-2,168,585","-1,579,032","-1,779,329","-1,802,314","-1,966,886","-544,524","-586,826","-676,250","-8,876","-1,236","-1,158","-1,820","-634","-942","-934","-861","-1,363","-1,095","-1,149","-1,356","-1,001","-924","-975","-3,868","-2,723","-2,849","-4,539","-6,229","-3,111","-142","-8,148","-1,206","-3,620","-3,245","-11,563","-2,809","-4,374","-3,490","-1,688","-7,902","586","-3,597","-4,084","-19,949","-3,500","-9,859","-1,570","-28,726","-7,326","-7,702,090","6,033,793","-2,324,344","-820,486","-502,477","6,563,522","-359,478","400,000","-100,000","300,000","-457,254","200,000","500,000","600,000","590,931","400,000","4,000,000","3,900,000"
NetNonOperatingInterestIncomeExpense,"-637,797","-169,393","-190,319","-112,806","-165,279","-304,779","-1,938,630","-442,085","-323,600","-111,477","-214,328","-199,323","-194,061","-564,578","-43,118","-1,406","-1,497","5,086","-64,570","-24,261","-22,741","-421,180","-308,491","-3,998","-3,954","-3,954","-3,998","-3,998","-3,954","-3,911","-3,998","-3,998","-3,955","-4,208","-3,839","-3,802","-3,760","-3,610","-3,688","-3,607","-3,536","-3,328","-3,340","-3,299","-3,207","-2,992","-3,059","-2,905","-2,860","-2,664","-3,829","-2,547","-2,517","-2,319",,,,,,"-993",,,,,,,,,,,,,,,,,,,,,
	InterestIncomeNonOperating,,,,,,,,,,,,,,,,,,"5,086",,,,,,,,,,,,,,,,,,,,,,,,,,,,,,,,,,,,,,,,,,,,,,,,,,,,,,,,,,,,,,,
	InterestExpenseNonOperating,"637,797","169,393","190,319","112,806","165,279",,,,,,"214,328","199,323","194,061","564,578","43,118","1,406","1,497","5,086","64,570","24,261","22,741","421,180","2,187","3,998","3,954","3,954","3,998","3,998","3,954","3,911","3,998","3,998","3,955","4,208","3,839","3,802","3,760","3,610","3,688","3,607","3,536","3,328","3,340","3,299","3,207","2,992","3,059","2,905","2,860","2,664","3,829","2,547","2,517","2,319",,,,,,"993",,,,,,,,,,,,,,,,,,,,,
	TotalOtherFinanceCost,,,"190,319",,,,"1,938,630","442,085","323,600","111,477","214,328","199,323",,,,,,,,,,,,,,,,,,,,,,,,,,,,,,,,,,,,,,,,,,,,,,,,,,,,,,,,,,,,,,,,,,,,,
OtherIncomeExpense,"21,840","52","363",,"21,425","302,385","461,000","-186,600","-1,000,000",,,,,"518,993","1,599,161",,,,"135,000",,,,,,,,,,,,,,,,,,,,,,,,,,,,,,,,,,,,,,,,,,,,,,"33,439",,,,"1,320","322,354",,,,"-26,728",,,,,,,
	EarningsFromEquityInterest,,,,,,,,,"-1,000,000",,,,,,,,,,,,,,,,,,,,,,,,,,,,,,,,,,,,,,,,,,,,,,,,,,,,,,,,,,,,,,,,,,,,,,,,
	SpecialIncomeCharges,"0","0","0","0",,"0","0","0",,"0","0",,,"518,993","1,599,161",,,"0","135,000","0",,,,,"0","0",,"0","0","0","0","0","0","0","0","0","0","0",,,,,,,,,,,,,,,,,,,,,,,,,,,"33,439","9,786","0","0","1,320","322,354",,,,"-26,728",,,,,,,
		RestructuringAndMergernAcquisition,,,,,,,"0","0",,"0","0",,,"-518,993","-1,599,161",,,,,,,,,,,,,,,,,,,,,,,,,,,,,,,,,,,,,,,,,,,,,,,,,,,,,,,,,,,,,,,,,,
		ImpairmentOfCapitalAssets,,,,,,,,,,,"0",,,,"-1,599,161",,,,,,,,,,,,,,,,,,,,,,,,,,,,,,,,,,,,,,,,,,,,,,,,,,,,,,,,,,,,,,,,,,
		OtherSpecialCharges,,,,,,,,,,,,,,,,,,,"-135,000",,,,,,,,,,,,,,,,,,,,,,,,,,,,,,,,,,,,,,,,,,,,,,,,,,,,,,,,,,,,,,
	OtherNonOperatingIncomeExpenses,"21,840","52","363",,"21,425","302,385","461,000","-186,600",,,,,,,,,,,,,,,,,,,,,,,,,,,,,,,,,,,,,,,,,,,,,,,,,,,,,,,,,,,,,,,,,,,,,,,,,
PretaxIncome,"36,533,405","2,461,368","10,419,865","14,115,512","9,536,660","-463,443","-1,906,437","-2,338,625","-3,103,789","-4,406,598","-2,864,422","-3,444,260","-3,841,402","-7,735,606","-612,542","-1,580,438","-1,780,826","-1,797,228","-1,896,457","-568,785","-609,567","-1,097,430","-317,367","-5,234","-5,112","-5,774","-4,632","-4,940","-4,888","-4,772","-5,361","-5,093","-5,104","-5,564","-4,840","-4,726","-4,735","-7,478","-6,411","-6,456","-8,075","-9,557","-6,449","-3,441","-11,354","-4,199","-6,679","-6,150","-14,423","-5,473","-8,203","-6,037","-4,205","-10,221","-1,671","-5,871","-6,209",,"133,837","0","0","-28,726",,,"-276,471","-2,422,340","-902,011","-621,542","30,020","-358,054","300,000","-200,000","300,000","-555,090",,"600,000","500,000","613,443","500,000",,
TaxProvision,"3,285,969","1,933,971","1,351,998","0","0","0","0","0","0","0","0","0","0","0","0","0","0","0",,,,"0",,,"200","200","200","200","200","200","200","200","200","200","200","200","200","200","200","200","200","200","200","200","200","200","528","200","200","200","200","200","200","200","200","200","190",,"800","0","0","0",,,"0","-132,000","-704,000","-211,000","0","-154,000","100,000","-100,000","100,000","-170,637","300,000","300,000","200,000","275,000","200,000",,
NetIncomeCommonStockholders,"30,578,787","-238,286","8,285,285","13,332,873","9,198,915","-463,443","-1,906,437","-2,338,625","-3,103,789","-4,406,598","-2,864,422","-3,444,260","-3,841,402","-7,735,606","-612,542","-1,580,438","-1,780,826","-1,797,228","-1,896,457","-568,785","-609,567","-1,097,430","-316,967","-5,234","-5,312","-5,974","-4,832","-5,140","-5,088","-4,972","-5,561","-5,293","-5,304","-5,764","-5,040","-4,926","-4,935","-7,678","-6,611","-6,656","-8,275","-9,757","-6,649","-3,641","-11,554","-4,399","-7,207","-6,350","-14,623","-5,673","-8,403","-6,237","-4,405","-10,421","-1,951","-6,071","-6,399","-21,856","133,037","-10,852","-1,570","-28,726","-7,326","-7,702,090","-276,471","-2,290,340","-198,011","-410,542","30,020","-204,054","200,000","-100,000","200,000","-384,453",,"300,000","300,000","338,443","300,000","300,000","200,000"
	NetIncome,"33,247,436","527,397","9,067,867","14,115,512","9,536,660","-463,443","-1,906,437","-2,338,625","-3,103,789","-4,406,598","-2,864,422","-3,444,260","-3,841,402","-7,735,606","-612,542","-1,580,438","-1,780,826","-1,797,228","-1,896,457","-568,785","-609,567","-1,097,430","-316,967","-5,234","-5,312","-5,974","-4,832","-5,140","-5,088","-4,972","-5,561","-5,293","-5,304","-5,764","-5,040","-4,926","-4,935","-7,678","-6,611","-6,656","-8,275","-9,757","-6,649","-3,641","-11,554","-4,399","-7,207","-6,350","-14,623","-5,673","-8,403","-6,237","-4,405","-10,421","-1,951","-6,071","-6,399","-21,856","133,037","-10,852","-1,570","-28,726","-7,326","-7,702,090","-276,471","-2,290,340","-198,011","-410,542","30,020","-204,054","200,000","-100,000","200,000","-384,453",,"300,000","300,000","338,443","300,000","300,000","200,000"
		NetIncomeIncludingNoncontrollingInterests,"33,247,436","527,397","9,067,867","14,115,512","9,536,660","-463,443","-1,906,437","-2,338,625","-3,103,789","-4,406,598","-2,864,422","-3,444,260","-3,841,402","-7,735,606","-612,542","-1,580,438","-1,780,826","-1,797,228","-1,896,457","-568,785","-609,567","-1,097,430","-316,967","-5,234","-5,312","-5,974","-4,832","-5,140","-5,088","-4,972","-5,561","-5,293","-5,304","-5,764","-5,040","-4,926","-4,935","-7,678","-6,611","-6,656","-8,275","-9,757","-6,649","-3,641","-11,554","-4,399","-7,207","-6,350","-14,623","-5,673","-8,403","-6,237","-4,405","-10,421","-1,951","-6,071","-6,399","-21,856","133,037","-10,852","-1,570","-28,726","-7,326","-7,702,090","-276,471","-2,290,340","-198,011","-410,542","30,020","-204,054","200,000","-100,000","200,000","-384,453",,"300,000","300,000","338,443","300,000","300,000","200,000"
			NetIncomeContinuousOperations,"33,247,436","527,397","9,067,867","14,115,512","9,536,660","-463,443","-1,906,437","-2,338,625","-3,103,789","-4,406,598","-2,864,422","-3,444,260","-3,841,402","-7,735,606","-612,542","-1,580,438","-1,780,826","-1,797,228","-1,896,457","-568,785","-609,567","-1,097,430","-316,967","-5,234","-5,312","-5,974","-4,832","-5,140","-5,088","-4,972","-5,561","-5,293","-5,304","-5,764","-5,040","-4,926","-4,935","-7,678","-6,611","-6,656","-8,275","-9,757","-6,649","-3,641","-11,554","-4,399","-7,207","-6,350","-14,623","-5,673","-8,403","-6,237","-4,405","-10,421","-1,951","-6,071","-6,399","-21,856","133,037","-10,852","-1,570","-28,726","-7,326","-7,702,090","-276,471","-2,290,340","-198,011","-410,542","30,020","-204,054","200,000","-100,000","200,000","-384,453",,"300,000","300,000","338,443","300,000","300,000","200,000"
	PreferredStockDividends,"2,668,649","765,683","782,582","782,639","337,745",,,,,,,,,,,,,,,,,,,,,,,,,,,,,,,,,,,,,,,,,,,,,,,,,,,,,,,,,,,,,,,,,,,,,,,,,,,,
AverageDilutionEarnings,,,,,"0",,,,,,,,,,,,,,,,,,,,,,,,,,,,,,,,,,,,,,,,,,,,,,,,,,,,,,,,,,,,,,,,,,,,,,,,,,,,
DilutedNIAvailtoComStockholders,"30,578,787","-238,286","8,285,285","13,332,873","9,198,915","-463,443","-1,906,437","-2,338,625","-3,103,789","-4,406,598","-2,864,422","-3,444,260","-3,841,402","-7,735,606","-612,542","-1,580,438","-1,780,826","-1,797,228","-1,896,457","-568,785","-609,567","-1,097,430","-316,967","-5,234","-5,312","-5,974","-4,832","-5,140","-5,088","-4,972","-5,561","-5,293","-5,304","-5,764","-5,040","-4,926","-4,935","-7,678","-6,611","-6,656","-8,275","-9,757","-6,649","-3,641","-11,554","-4,399","-7,207","-6,350","-14,623","-5,673","-8,403","-6,237","-4,405","-10,421","-1,951","-6,071","-6,399","-21,856","133,037","-10,852","-1,570","-28,726","-7,326","-7,702,090","-276,471","-2,290,340","-198,011","-410,542","30,020","-204,054","200,000","-100,000","200,000","-384,453",,"300,000","300,000","338,443","300,000","300,000","200,000"
BasicEPS,,,"0.07","0.12","0.09",,"-0.04","-0.05","-0.07",,"-0.06","-0.08","-0.09",,"-0.02","-0.05","-0.06","-0.07",,"-0.03","-0.03","-0.06",,"-0.009","-0.009","-0.01",,"-0.009","-0.009","-0.009",,"-0.009","-0.009","-0.01",,"-0.009","-0.009","-0.013",,"0","0","0",,"0","0","0",,"0","0","0",,"0","0","0",,"0","0","0",,"0","0","-0.25","0","-55.25","-2",,"-1.5","-3.25","0.25",,"1.5","-0.75","1.75",,"0.25","2.5","2.75",,"3.5","3.75","3.5"
DilutedEPS,,,"0.07","0.11","0.08",,"-0.04","-0.05","-0.07",,"-0.06","-0.08","-0.09",,"-0.02","-0.05","-0.06","-0.07",,"-0.03","-0.03","-0.06",,"-0.009","-0.009","-0.01",,"-0.009","-0.009","-0.009",,"-0.009","-0.009","-0.01",,"-0.009","-0.009","-0.013",,"0","0","-0.017",,"0","0","0",,"0","0","0",,"0","0","0",,"0","0","0",,"0","0","-0.25","0","-55.25","-2",,"-1.5","-3.25","0.25",,"1.25","-0.75","1.75",,"0.25","2.25","2.5",,"3.5","3.75","3.5"
BasicAverageShares,,,"114,757,014","113,174,363","105,876,867",,"53,816,157","47,790,105","46,247,654",,"45,767,635","45,416,153","44,577,950",,"34,247,599","32,454,308","30,393,076","26,045,890",,"19,484,094","18,425,818","17,118,431",,"577,036","577,036","577,036",,"577,036","577,036","577,036",,"577,036","577,036","577,036",,"577,036","577,036","577,036",,"577,036","577,036","577,036",,"577,036","577,036","577,036",,"577,036","577,036","577,036",,"577,036","577,036","577,036",,"577,036","577,036","577,036",,"176,213","139,196","139,196","139,196","139,196","139,196",,"130,859","127,116","124,127",,"133,333","133,333","114,286",,"123,077","120,000","73,256",,"85,714","80,000","57,143"
DilutedAverageShares,,,"116,717,500","116,721,949","109,051,682",,"53,816,157","47,790,105","46,247,654",,"45,767,635","45,416,153","44,577,950",,"34,247,599","32,454,308","30,393,076","26,045,890",,"19,484,094","18,425,818","17,118,431",,"577,036","577,036","577,036",,"577,036","577,036","577,036",,"577,036","577,036","577,036",,"577,036","577,036","577,036",,"577,036","577,036","577,036",,"577,036","577,036","577,036",,"577,036","577,036","577,036",,"577,036","577,036","577,036",,"577,036","577,036","577,036",,"176,213","139,196","139,196","139,196","139,196","139,196",,"130,859","127,116","145,926",,"160,000","133,333","114,286",,"133,333","133,333","73,256",,"85,714","80,000","57,143"
TotalOperatingIncomeAsReported,"37,149,362","2,630,709","10,609,821","14,228,318","9,680,514","-461,049","-428,807","-1,709,940","-2,780,189","-4,295,121","-2,650,094","-3,244,937","-3,647,341","-3,453,713","-2,168,585","-1,579,032","-1,779,329","-1,802,314","-1,966,886","-544,524","-586,826","-676,250","-6,826","-1,236","-1,158","-1,820","-634","-942","-934","-861","-1,363","-1,095","-1,149","-1,356","-1,001","-924","-975","-3,868","-2,723","-2,849","-4,539","-6,229","-3,111","-142","-8,148","-1,206","-3,620","-3,245","-11,563","-2,809","-4,374","-3,490","-1,688","-7,902","586","-3,597","-4,084","-19,949","-2,554","-10,805","0","-28,726","-7,326","-7,702,090","-225,612","-2,324,344","-820,486","-502,477","133,871",,,,,,,,,,,,
TotalExpenses,"203,119,804","67,470,854","54,079,365","42,836,649","32,398,047","27,357,827","15,847,210","12,858,242","10,799,036","9,424,474","5,283,574","6,078,174","7,831,636","4,738,635","2,613,002","2,890,400","2,898,018","3,568,999","2,007,478","697,136","902,405","1,330,034","8,876","1,236","1,158","1,820","634","942","934","861","1,363","1,095","1,149","1,356","1,001","924","975","3,868","2,723","2,849","4,539","6,229","3,111","142","8,148","1,206","3,620","3,245","11,563","2,809","4,374","3,490","1,688","7,902","-586","3,597","4,084","19,949","3,500","9,859","1,570","28,726",,,"6,485,017","4,958,934","5,163,530","4,533,497","6,295,780","3,166,938","6,100,000","2,700,000","7,900,000","3,291,790","9,700,000","6,100,000","7,600,000","6,133,820","4,700,000",,
NetIncomeFromContinuingAndDiscontinuedOperation,"33,247,436","527,397","9,067,867","14,115,512","9,536,660","-463,443","-1,906,437","-2,338,625","-3,103,789","-4,406,598","-2,864,422","-3,444,260","-3,841,402","-7,735,606","-612,542","-1,580,438","-1,780,826","-1,797,228","-1,896,457","-568,785","-609,567","-1,097,430","-316,967","-5,234","-5,312","-5,974","-4,832","-5,140","-5,088","-4,972","-5,561","-5,293","-5,304","-5,764","-5,040","-4,926","-4,935","-7,678","-6,611","-6,656","-8,275","-9,757","-6,649","-3,641","-11,554","-4,399","-7,207","-6,350","-14,623","-5,673","-8,403","-6,237","-4,405","-10,421","-1,951","-6,071","-6,399","-21,856","133,037","-10,852","-1,570","-28,726","-7,326","-7,702,090","-276,471","-2,290,340","-198,011","-410,542","30,020","-204,054","200,000","-100,000","200,000","-384,453",,"300,000","300,000","338,443","300,000","300,000","200,000"
NormalizedIncome,"33,247,436","527,397","9,067,867","14,115,512","9,536,660","-463,443","-1,906,437","-2,338,625","-3,103,789","-4,406,598","-2,864,422","-3,444,260","-3,841,402","-8,254,599","-2,211,703","-1,580,438","-1,780,826","-1,797,228","-2,031,457","-568,785","-609,567","-1,097,430","-316,967","-5,234","-5,312","-5,974","-4,832","-5,140","-5,088","-4,972","-5,561","-5,293","-5,304","-5,764","-5,040","-4,926","-4,935","-7,678","-6,611","-6,656","-8,275","-9,757","-6,649","-3,641","-11,554","-4,399","-7,207","-6,350","-14,623","-5,673","-8,403","-6,237","-4,405","-10,421","-1,951","-6,071","-6,399","-21,856","133,037","-10,852","-1,570","-28,726","-7,326","-7,702,090","-309,910","-2,299,592.734","-198,011","-410,542","28,700","-397,466.4","200,000","-100,000","200,000","-365,941.3",,"300,000","300,000","338,443","300,000","300,000","200,000"
InterestIncome,,,,,,,,,,,,,,,,,,"5,086",,,,,,,,,,,,,,,,,,,,,,,,,,,,,,,,,,,,,,,,,,,,,,,,,,,,,,,,,,,,,,,
InterestExpense,"637,797","169,393","190,319","112,806","165,279",,,,,,"214,328","199,323","194,061","564,578","43,118","1,406","1,497","5,086","64,570","24,261","22,741","421,180","2,187","3,998","3,954","3,954","3,998","3,998","3,954","3,911","3,998","3,998","3,955","4,208","3,839","3,802","3,760","3,610","3,688","3,607","3,536","3,328","3,340","3,299","3,207","2,992","3,059","2,905","2,860","2,664","3,829","2,547","2,517","2,319",,,,,,"993",,,,,,,,,,,,,,,,,,,,,
NetInterestIncome,"-637,797","-169,393","-190,319","-112,806","-165,279","-304,779","-1,938,630","-442,085","-323,600","-111,477","-214,328","-199,323","-194,061","-564,578","-43,118","-1,406","-1,497","5,086","-64,570","-24,261","-22,741","-421,180","-308,491","-3,998","-3,954","-3,954","-3,998","-3,998","-3,954","-3,911","-3,998","-3,998","-3,955","-4,208","-3,839","-3,802","-3,760","-3,610","-3,688","-3,607","-3,536","-3,328","-3,340","-3,299","-3,207","-2,992","-3,059","-2,905","-2,860","-2,664","-3,829","-2,547","-2,517","-2,319",,,,,,"-993",,,,,,,,,,,,,,,,,,,,,
EBIT,"37,171,202","2,630,761","10,610,184","14,228,318","9,701,939","-884,264","-428,807","-1,709,940","-1,780,189","-4,295,121","-2,650,094","-3,244,937","-3,647,341","-7,171,028","-569,424","-1,579,032","-1,779,329","-1,802,314","-1,831,887","-544,524","-586,826","-676,250","-315,180","-1,236","-1,158","-1,820","-634","-942","-934","-861","-1,363","-1,095","-1,149","-1,356","-1,001","-924","-975","-3,868","-2,723","-2,849","-4,539","-6,229","-3,109","-142","-8,147","-1,207","-3,620","-3,245","-11,563","-2,809","-4,374","-3,490","-1,688","-7,902","586","-3,597","-4,084","-19,949","-3,500","993","-1,570","-28,726","-7,326","-7,702,090","6,033,793","-2,324,344","-820,486","-502,477","6,563,522","-359,478","400,000","-100,000","300,000","-457,254","200,000","500,000","600,000","590,931","400,000","4,000,000","3,900,000"
EBITDA,"50,873,350"
ReconciledCostOfRevenue,"151,505,657","49,047,882","41,268,886","29,919,014","22,201,877","20,341,708","11,268,992","9,078,526","7,188,940","5,795,316","2,752,131","2,828,044","4,223,942","1,519,081","438,284","1,027,342","900,822","1,407,206","249,958","41,366","261,777","455,469",,,,,,,,,,,,,,,,,,"0","0","0","0","0","0","0","0","0","0","0","0","0","0","0",,,,,"0","0","0","0",,,"5,694,996","4,221,978","3,608,152","3,550,413","5,510,954","2,322,097","5,700,000","2,200,000","7,300,000","2,791,906","9,100,000","5,700,000","7,000,000","5,824,565","4,400,000",,
ReconciledDepreciation,"13,702,148","3,657,154","4,623,355","4,637,897","3,516,851","1,287,790","1,224,130","1,195,835","1,169,001","1,498,625","715,289","1,173,617","1,068,431","270,385","125,606","115,180","88,692","72,258","55,268","59,662","22,587","11,343",,,,,,,,,,,,,,,,,,,,,,,,,,,,,,,,,,,,,,,,,"0","36,369","36,369","40,546","34,329","34,330","34,330",,,,,"127,940","100,000",,,,,,
NetIncomeFromContinuingOperationNetMinorityInterest,"33,247,436","527,397","9,067,867","14,115,512","9,536,660","-463,443","-1,906,437","-2,338,625","-3,103,789","-4,406,598","-2,864,422","-3,444,260","-3,841,402","-7,735,606","-612,542","-1,580,438","-1,780,826","-1,797,228","-1,896,457","-568,785","-609,567","-1,097,430","-316,967","-5,234","-5,312","-5,974","-4,832","-5,140","-5,088","-4,972","-5,561","-5,293","-5,304","-5,764","-5,040","-4,926","-4,935","-7,678","-6,611","-6,656","-8,275","-9,757","-6,649","-3,641","-11,554","-4,399","-7,207","-6,350","-14,623","-5,673","-8,403","-6,237","-4,405","-10,421","-1,951","-6,071","-6,399","-21,856","133,037","-10,852","-1,570","-28,726","-7,326","-7,702,090","-276,471","-2,290,340","-198,011","-410,542","30,020","-204,054","200,000","-100,000","200,000","-384,453",,"300,000","300,000","338,443","300,000","300,000","200,000"
TotalUnusualItemsExcludingGoodwill,"0","0","0","0",,"0","0","0",,"0","0",,,"518,993","1,599,161",,,"0","135,000","0",,,,,"0","0",,"0","0","0","0","0","0","0","0","0","0","0",,,,,,,,,,,,,,,,,,,,,,,,,,,"33,439","9,786","0","0","1,320","322,354",,,,"-26,728",,,,,,,
TotalUnusualItems,"0","0","0","0",,"0","0","0",,"0","0",,,"518,993","1,599,161",,,"0","135,000","0",,,,,"0","0",,"0","0","0","0","0","0","0","0","0","0","0",,,,,,,,,,,,,,,,,,,,,,,,,,,"33,439","9,786","0","0","1,320","322,354",,,,"-26,728",,,,,,,
NormalizedEBITDA,"50,873,350","6,287,915","15,233,539","18,866,215","13,218,790","403,526","795,323","-514,105","-611,188","-2,796,496","-1,934,805","-2,071,320","-2,578,910","-7,419,636","-2,042,979","-1,463,852","-1,690,637","-1,730,056","-1,911,619","-484,862","-564,239","-664,907","-315,180","-1,236","-1,158","-1,820","-634","-942","-934","-861","-1,363","-1,095","-1,149","-1,356","-1,001","-924","-975","-3,868","-2,723","-2,849","-4,539","-6,229","-3,109","-142","-8,147","-1,207","-3,620","-3,245","-11,563","-2,809","-4,374","-3,490","-1,688","-7,902","586","-3,597","-4,084","-19,949","-3,500","993","-1,570","-28,726","-7,326","-7,665,721","6,036,723","-2,293,584","-786,157","-468,147","6,596,532","-681,832","400,000","-100,000","300,000","-302,586","300,000","500,000","600,000","590,931","400,000","4,000,000","3,900,000"
TaxRateForCalcs,"0.09","0.4","0.13","0","0","0","0","0","0","0","0","0","0","0","0","0","0","0","0","0","0","0","0","0","0.4","0.4","0.4","0.4","0.4","0.4","0.35","0.35","0.35","0.35","0.35","0.35","0.35","0.35","0.35","0.35","0.35","0.35","0.35","0.35","0.35","0.35","0.35","0.35","0.35","0.35","0.35","0.35","0.35","0.35","0.35","0.35","0.35","0.35","0.006","0","0","0","0.4","0.4","0","0.054","0.4","0.339","0","0.4","0.333","0.4","0.333","0.307",,"0.4","0.4","0.4","0.4","0.4","0.4"
TaxEffectOfUnusualItems,"0","0","0","0","0","0","0","0","0","0","0","0","0","0","0","0","0","0","0","0","0","0","0","0","0","0","0","0","0","0","0","0","0","0","0","0","0","0","0","0","0","0","0","0","0","0","0","0","0","0","0","0","0","0","0","0","0","0","0","0","0","0","0","0","0","533.266","0","0","0","128,941.6","0","0","0","-8,216.3",,"0","0","0","0","0","0"