name,ttm,03/31/2022,12/31/2021,09/30/2021,06/30/2021,03/31/2021,12/31/2020,09/30/2020,06/30/2020,03/31/2020,12/31/2019,09/30/2019,06/30/2019,03/31/2019,12/31/2018,09/30/2018,06/30/2018,03/31/2018,12/31/2017,09/30/2017,06/30/2017,03/31/2017,12/31/2016,09/30/2016,06/30/2016,03/31/2016,12/31/2015,09/30/2015,06/30/2015,03/31/2015,12/31/2014,09/30/2014,06/30/2014,03/31/2014,12/31/2013,09/30/2013,06/30/2013,03/31/2013,12/31/2012,09/30/2012,06/30/2012,03/31/2012,12/31/2011,09/30/2011,06/30/2011,03/31/2011,12/31/2010,09/30/2010,06/30/2010,03/31/2010,12/31/2009,09/30/2009,06/30/2009,03/31/2009,12/31/2008,09/30/2008,06/30/2008,03/31/2008,12/31/2007,09/30/2007,06/30/2007,03/31/2007,12/31/2006,09/30/2006,06/30/2006,03/31/2006,12/31/2005,09/30/2005,06/30/2005,03/31/2005,12/31/2004,09/30/2004,06/30/2004,03/31/2004,12/31/2003,09/30/2003,06/30/2003,03/31/2003,12/31/2002,09/30/2002,06/30/2002,03/31/2002
TotalRevenue,"269,833,000","79,787,000","90,890,000","64,808,000","34,348,000","23,197,000","5,291,000","2,462,000","1,942,000","2,386,000","1,200,525","1,739,165","2,467,050","1,430,260","1,685,403","2,366,683","2,792,794","925,554","197,133","24,175","24,174","24,175","31,668","26,098","24,174","24,175","32,668","81,264","48,691","35,463","103,106","60,471","24,174","74,903","23,008","77,776","21,249","18,655","16,882","10,730","27,241","7,275","53,283","40,147","73,088","115,081","88,481","80,483","76,008","158,120","282,568","69,212","86,878","98,134","118,483","227,525","99,775","375,659","125,783","210,553","176,523","336,037","399,691","392,715","111,986","235,817","323,998","78,368","307,316","150,239","303,888","163,294","203,533","133,386","87,184","176,726","140,858","245,807","193,976","285,572","156,209","109,670"
	OperatingRevenue,"269,736,000","79,763,000","90,866,000","64,783,000","34,324,000","23,173,000","5,267,000","2,437,000","1,918,000","2,362,000","1,177,048","1,714,991","2,442,876","1,406,085","1,661,229","2,342,508","2,768,619","901,380","100,435","24,175","24,174","24,175","7,493","1,923","0","0","8,494","57,089","24,517","11,288","78,931","36,296","0","51,728","0","56,068","0","0","-3,689","10,730","27,241","7,275","53,283","40,147","73,088","115,081","88,481","80,483","76,008","158,120","282,568","69,212","86,878","82,147","118,483","227,525","99,775","375,659","125,783","210,553","176,523","336,037","399,691","392,715","111,986","235,817","323,998","78,368","307,316","150,239","303,888","163,294","203,533","133,386","87,184","176,726","140,858","245,807","193,976","285,572","156,209","109,670"
CostOfRevenue,"120,187,000","45,628,000","35,883,000","25,615,000","13,061,000","7,534,000","2,102,000","1,302,000","1,439,000","1,407,000","1,561,544","1,476,135","1,587,983","1,471,338","1,886,544","2,031,885","1,477,587","349,011",,,,,"1,491","1,567","0","0","3,950","14,533","8,096","4,007","27,172","12,391","0","31,907","-37","21,230","0","0","396","0","12","184","387","382","2,749","12,827","108,201","150,367","42,048","65,566","124,104","52,566","170,663","116,226","84,737","141,821","140,182","214,936","66,272","232,275","146,691","170,394","357,503","229,703","56,657","112,843","117,536","100,634","186,932","103,510","213,208","86,967","88,355","87,146","199,255","103,065","152,013","64,160","469,910","108,599","61,852","22,456"
GrossProfit,"149,646,000","34,159,000","55,007,000","39,193,000","21,287,000","15,663,000","3,189,000","1,160,000","503,000","979,000","-361,019","263,030","879,067","-41,078","-201,141","334,798","1,315,207","576,543",,,,,"30,177","24,531","24,174","24,175","28,718","66,731","40,595","31,456","75,934","48,080","24,174","42,996","23,045","56,546","21,249","18,655","16,486","10,730","27,229","7,091","52,896","39,765","70,339","102,254","-19,720","-69,884","33,960","92,554","158,464","16,646","-83,785","-18,092","33,746","85,704","-40,407","160,723","59,511","-21,722","29,832","165,643","42,188","163,012","55,329","122,974","206,462","-22,266","120,384","46,729","90,680","76,327","115,178","46,240","-112,071","73,661","-11,155","181,647","-275,934","176,973","94,357","87,214"
OperatingExpense,"130,600,000","25,155,000","44,991,000","52,514,000","9,250,000","8,308,000","4,020,000","3,267,000","3,060,000","4,398,000","2,067,860","1,785,435","2,248,728","3,175,977","4,124,763","6,628,749","9,303,782","6,067,156","5,462,799","614,676","1,090,198","1,056,776","2,363,522","1,769,933","895,920","1,402,712","2,980,238","1,657,364","2,035,016","2,243,593","2,429,998","2,592,616","2,624,866","2,946,740","3,098,549","3,129,349","3,154,852","2,839,928","2,455,223","2,412,358","2,274,324","1,881,293","2,498,409","3,050,974","2,816,591","2,875,468","3,197,899","2,975,177","3,429,141","3,927,874","4,983,075","3,877,417","3,746,044","2,738,069","2,597,684","2,984,585","2,777,620","2,050,848","2,281,510","2,200,439","1,176,583","1,020,424","898,124","939,036","767,228","730,900","857,865","528,478","454,803","412,391","605,154","511,388","533,253","450,946","436,401","273,078","471,351","237,024","285,834","234,327","241,219","248,282"
	SellingGeneralAndAdministration,"92,877,000","10,910,000","39,458,000","40,307,000","3,512,000","5,462,000","2,287,000","2,000,000","2,230,000","3,735,000","2,019,342","1,762,021","2,225,499","3,152,138","4,557,587","5,970,411","6,422,883","3,906,197","4,614,885","597,018","1,062,540","1,039,084","2,000,867","1,715,475","822,835","1,030,126","2,507,514","1,231,101","1,482,608","1,535,851","1,517,178","1,473,301","1,674,719","1,894,442","1,411,243","1,322,976","1,354,330","1,427,955","1,240,043","1,346,391","1,393,714","1,204,675","1,205,513","1,405,979","1,360,256","1,603,473","1,577,114","1,932,021","2,117,906","1,883,677","2,202,873","1,602,242","1,504,204","1,321,589","912,780","1,037,376","1,230,210","1,253,056","1,503,175","1,150,172","632,287","726,119","544,739","492,064","466,240","469,963","492,854","325,365","285,599","281,040","23,169","378,614","409,433","301,926","299,455","192,294","207,104","178,709","-10,486","145,224","154,192","98,272"
		GeneralAndAdministrativeExpense,,,,,,,,,,,,,,,,,,,,,,"1,039,084",,,,,,,,,,,,,,,,,,,,,,,,,,,,,,,,,,,,,,,,,,,,,,,,,,,,,,,,,,,,
			OtherGandA,,,,,,,,,,,,,,,,,,,,,,"1,039,084",,,,,,,,,,,,,,,,,,,,,,,,,,,,,,,,,,,,,,,,,,,,,,,,,,,,,,,,,,,,
	ResearchAndDevelopment,,,,,,,,,,,,,,,,"0","10,000","4,532","-42,975","17,658","27,658","17,692","362,655","54,458","73,085","372,586","472,724","426,263","552,408","707,742","912,820","1,119,315","950,147","1,052,298","1,687,306","1,806,373","1,800,522","1,411,973","1,215,180","1,065,967","880,610","676,618","1,292,896","1,644,995","1,456,335","1,271,995","1,620,785","1,043,156","1,311,235","2,044,197","2,780,202","2,275,175","2,241,840","1,416,480","1,700,890","1,963,196","1,563,397","797,792","778,335","1,050,267","544,296","294,305","353,385","446,972","300,988","310,937","346,469","203,113","169,204","131,351","155,527","132,774","123,820","149,020","136,946","80,784","264,247","58,315","330,946","77,522","75,446","138,546"
	DepreciationAmortizationDepletionIncomeStatement,"37,723,000","14,245,000","5,533,000","12,207,000","5,738,000","2,846,000","1,733,000","1,267,000","830,000","663,000","48,518","23,414","23,229","23,839","-418,292","658,338","2,870,899","2,156,427",,,,,,,,,,,,,,,,,,,,,,,,,,,,,,,,,,,,,,,,,,,,,,,,,,,,,,,,,,,,,,"11,581","11,581","11,464"
		DepreciationAndAmortizationInIncomeStatement,"37,723,000","14,245,000","5,533,000","12,207,000","5,738,000","2,846,000","1,733,000","1,267,000","830,000","663,000","48,518","23,414","23,229","23,839","-418,292","658,338","2,870,899","2,156,427",,,,,,,,,,,,,,,,,,,,,,,,,,,,,,,,,,,,,,,,,,,,,,,,,,,,,,,,,,,,,,"11,581","11,581","11,464"
	OtherOperatingExpenses,,,,,,,,,,,,,,,,,,,,,,,,,,,,,,,,,,,,,,,,,,,,,,,,,,,,,,,"-15,986","-15,987","-15,987",,,,,,"0",,,"-50,000",,,,,,,,,,,,,,,,
OperatingIncome,"19,046,000","9,004,000","10,016,000","-13,321,000","12,037,000","7,355,000","-831,000","-2,107,000","-2,557,000","-3,419,000","-2,428,879","-1,522,405","-1,369,661","-3,217,055","-4,325,904","-6,293,951","-7,988,575","-5,490,613","-5,290,852","-590,501","-1,066,024","-1,032,601","-2,333,345","-1,745,402","-871,746","-1,378,537","-2,951,520","-1,590,633","-1,994,421","-2,212,137","-2,354,064","-2,544,536","-2,600,692","-2,903,744","-3,075,504","-3,072,803","-3,133,603","-2,821,273","-2,438,737","-2,401,628","-2,247,095","-1,874,202","-2,445,513","-3,011,209","-2,746,252","-2,773,214","-3,217,619","-3,045,061","-3,395,181","-3,835,320","-4,824,611","-3,860,771","-3,829,829","-2,756,161","-2,563,938","-2,898,881","-2,818,027","-1,890,125","-2,221,999","-2,222,161","-1,146,751","-854,781","-855,936","-776,024","-711,899","-607,926","-651,403","-550,744","-334,419","-365,662","-514,474","-435,061","-418,075","-404,706","-548,472","-199,417","-482,506","-55,377","-561,768","-57,354","-146,862","-161,068"
NetNonOperatingInterestIncomeExpense,"-828,000","-357,000","-591,000","40,000","80,000","175,000","58,000","12,000","16,000","-2,000","-3,029","-2,129","-48,819","-6,223,023","-84,975","-21,836","-15,093","-1,069","100,545","-4,773,397","-24,065","17,296","124,018","-2,384","-148","-25,598","-24,312","-25,393","-24,195","-25,064","-26,434","-27,188","-25,768","-36,790",,,,,"-63,629","-58,000","-63,000","-64,069","-54,608","-52,241","-41,040","-36,620","-36,758","-24,755","-35,157","-36,116","-31,834","-21,525","20,249","22,403",,,,,,,,,,,,,,,,,,,,,,,,,,,,
	InterestIncomeNonOperating,,,"-295,000","40,000","80,000","175,000","58,000","12,000","16,000",,,,,,,,,,,,,"22,130",,,,,,,,,,,,,,,,,,,,,,,"3,112","8,247","14,088","23,451","11,848","12,309","18,187","27,616","67,332","76,294",,,,,,,,,,,,,,,,,,,,,,,,,,,,
	InterestExpenseNonOperating,,,,,"0","0","0","0","0","2,000","2,689","2,129","48,819","68,363","84,975","21,836","15,093","1,069","4,341","4,773,397","24,065","4,834","2,278","2,384","148","25,598","24,312","25,393","24,195","25,064","26,434","27,188","25,768","36,790",,,,,"63,629","58,000","63,000","64,069","71,032","52,241","44,152","44,867","50,846","48,206","47,005","48,425","50,021","49,141","47,083","53,891",,,,,,,,,,,,,,,,,,,,,,,,,,,,
	TotalOtherFinanceCost,,"357,000",,,,,,,,,"340",,,"6,154,660",,,,,,,,,,,,,,,,,,,,,,,,,,,,,,,,,,,,,,,,,,,,,,,,,,,,,,,,,,,,,,,,,,,,
OtherIncomeExpense,,"27,294,000","-32,351,000","-2,062,000","10,950,000",,"4,690,000","378,000","-8,049,000","-856,000","-1,151,244","-309,586","140,179","-4,310,349","-5,449,521","-211,153","-16,902,170","-14,222,800","-5,442,917","30,903","26,124","8,521","-76,061","36,701","36,019","1,963,646","20,959","32,942","-14,619","50,828","9,961","38,343","34,941","-7,115","41,852","713","-11,016","19,104","-1,732","-459","336",,,,"0","4,000","244,629","0","0","0","0","0","30,135","13,000","75,634","54,452","-42,719","45,700",,,,,"0",,"0","50,000",,,"0","0",,,,"0","0","-81,500",,,"-175,608","0","0","0"
	GainOnSaleOfSecurity,,"53,860,000","-11,514,000","-1,166,000","44,164,000",,"4,693,000","385,000",,"115,000","11,640","29,373","523,585","-2,731,598","-424,576","219,930","-504,480","-2,405,289","-46,170","30,903","26,124","8,521","-85,706","23,639","35,107","44,285","12,849","32,942","-14,619","50,828","9,961","4,343","34,941","-7,115",,,,,,,,,,,,,,,,,,,,,,,,,,,,,,,,,,,,,,,,,,,,,,,,
	SpecialIncomeCharges,"-85,201,000","-26,566,000","-21,790,000","-811,000","-34,724,000","0","-2,000","-5,000","-8,037,000","-972,000","-1,160,588","-337,225","1,138,787","0","-5,033,479","-429,337","-15,377,532","-11,480,491","-5,395,510","0","0","0","9,645","13,062","912","1,919,361","8,110","0","-14,619","50,828","9,961",,"34,941","-7,115","-8,801","713","-11,016","19,104","192","-459","336",,,,"0","4,000","244,629","0","0","0","0","0","30,135","13,000","75,634","54,452","-42,719","45,700",,,,,"0",,,"50,000",,,,,,,,,"0","-81,500",,,,,,
		RestructuringAndMergernAcquisition,"22,349,000","176,000","2,835,000","811,000","17,217,000",,"0","0","-1,358,000",,,,,,,,,,,,,,,,,,,,,,,,,,,,,,,,,,,,,,,,,,,,,,,,,,,,,,,,,,,,,,,,,,,,,,,,,
		ImpairmentOfCapitalAssets,,,,,,,,,,,"700,000","0","0","0","4,907,205","0","15,377,532","11,480,491",,,,,,,,,,,,,,,,,,,,,,,,,,,,,,,,,,,,,,,,,,,,,,,,,,,,,,,,,,,,,,,,
		WriteOff,"62,852,000","26,390,000","18,955,000","0","17,507,000","0","0","0","9,413,000","989,000","471,876","372,124","0","0","126,274","163,837",,,,,,,,,,,,,,,,,,,,,,,,,,,,,,,,,,,,,,,,,,,,,,,,,,,,,,,,,,,,,,,,,,
		OtherSpecialCharges,,,,,,,,,,,"-11,075","-34,899",,,"0","265,500",,,,,,,,,,,,,,,,,,,,,,,,,,,,,,,,,,,,,,,,,,,,,,,,,,,,,,,,,,,,,,,,,,
		GainOnSaleOfBusiness,,,,,,,"0","0","0",,"213","0","1,138,787",,,,,,,,,,,,,,,,,,,,,,,,,,,,,,,,,,,,,,,,,,,,,,,,,,,,,,,,,,,,,,,,,,,,,
		GainOnSaleOfPPE,,,"0","0","0","0","-2,000","-5,000","18,000","17,000",,,,,,,,,"-3,639","0","0","0","9,645","13,062","912","1,919,361",,,,,,,,,,,,,,,,,,,,,,,,,,,,,,,,,,,,,,,,,,,,,,,,,,,,,,,,
	OtherNonOperatingIncomeExpenses,,,"953,000","-85,000","1,510,000",,"-1,000","-2,000","-12,000","1,000","-2,296","-1,734","-1,522,193","-1,578,751","8,534","-1,746","-1,020,158","-337,020",,,,,,,,,,,,,"0","34,000",,,"41,852","713","-11,016","19,104",,,,,,,,,,,,,,,,,,,,,,,,,,,,,,,,,,,,,,,,,,,,
PretaxIncome,"20,739,000","35,941,000","-22,926,000","-15,343,000","23,067,000","7,530,000","3,917,000","-1,717,000","-10,590,000","-4,277,000","-3,583,152","-1,834,120","-1,278,301","-13,750,427","-9,860,400","-6,526,940","-24,905,838","-19,714,482","-10,633,224","-5,332,995","-1,063,965","-1,006,784","-2,285,388","-1,711,085","-835,875","559,511","-2,954,873","-1,583,084","-2,033,235","-2,186,373","-2,370,537","-2,533,381","-2,591,519","-2,947,649","-3,129,777","-3,072,090","-3,144,619","-2,802,169",,,,,,,,,,,,,,,,,,,,,,,,,,,"-750,432",,,,"-390,970","-429,015",,,,"-488,220","-701,262","-352,062","-568,916","-94,937","-794,129","-105,956","-154,331","-175,133"
TaxProvision,"566,000","312,000","-3,476,000","0","3,730,000",,,,,,"-143,000","0","0","0","2,826,000","0","-472,000","-3,053,000",,,,,,,,,,,,,,,,,,,,,,,,,,,,,,,,,,,,,,,,,,,,,,,,,,,,,,,,,,,,,"4,969",,"733","-11,000"
NetIncomeCommonStockholders,"20,173,000","35,629,000","-19,450,000","-15,343,000","19,337,000","7,530,000","3,910,000","-1,717,000","-10,590,000","-4,277,000","-3,397,536","-1,834,139","-1,278,320","-13,529,005","-11,410,803","-6,229,958","-24,016,920","-16,350,092","-8,878,253","-5,302,073","-1,311,771","-4,353,776","-2,286,541","-1,709,932","-835,875","559,511","-2,954,873","-1,583,084","-2,033,235","-2,186,373","-2,370,537","-2,533,381","-2,591,519","-2,947,649","-3,129,777","-3,072,090","-3,144,619","-2,802,169","-2,504,098","-2,460,087","-2,309,759","-1,938,271","-1,557,225","-3,063,450","-2,787,292","-2,805,834","-2,991,983","-3,052,050","-3,422,250","-3,871,436","-5,186,973","-3,830,389","-3,779,445","-2,720,758","-2,445,065","-2,736,294","-2,750,672","-1,636,288","-2,106,349","-2,142,025","-1,083,788","-868,364","-895,209","-812,191","-750,432","-650,999","-691,042","-602,762","-390,970","-429,015","-575,064","-510,906","-517,386","-488,220","-701,262","-352,062","-568,916","-94,937","-799,098","-105,956","-155,064","-164,133"
	NetIncome,"20,173,000","35,629,000","-19,450,000","-15,343,000","19,337,000","7,530,000","3,910,000","-1,717,000","-10,590,000","-4,277,000","-3,397,536","-1,834,139","-1,278,320","-13,529,005","-11,410,803","-6,229,958","-24,016,920","-16,350,092","-8,878,253","-5,302,073","-1,311,771","-4,353,776","-2,286,541","-1,709,932","-835,875","559,511","-2,954,873","-1,583,084","-2,033,235","-2,186,373","-2,370,537","-2,533,381","-2,591,519","-2,947,649","-3,129,777","-3,072,090","-3,144,619","-2,802,169","-2,504,098","-2,460,087","-2,309,759","-1,938,271","-1,557,225","-3,063,450","-2,787,292","-2,805,834","-2,991,983","-3,052,050","-3,422,250","-3,871,436","-5,186,973","-3,830,389","-3,779,445","-2,720,758","-2,445,065","-2,736,294","-2,750,672","-1,636,288","-2,106,349","-2,142,025","-1,083,788","-868,364","-895,209","-812,191","-750,432","-650,999","-691,042","-602,762","-390,970","-429,015","-575,064","-510,906","-517,386","-488,220","-701,262","-352,062","-568,916","-94,937","-799,098","-105,956","-155,064","-164,133"
		NetIncomeIncludingNoncontrollingInterests,"20,173,000","35,629,000","-19,450,000","-15,343,000","19,337,000","7,530,000","3,917,000","-1,717,000","-10,590,000","-4,277,000","-3,440,152","-1,834,120","-1,278,301","-13,750,427","-12,686,400","-6,526,940","-24,433,838","-16,565,350","-9,003,312","-5,302,073","-1,311,771","-4,353,776","-2,285,388","-1,711,085","-835,875","559,511","-2,954,873","-1,583,084","-2,033,235","-2,186,373","-2,370,537","-2,533,381","-2,591,519","-2,947,649","-3,129,777","-3,072,090","-3,144,619","-2,802,169","-2,504,098","-2,460,087","-2,309,759","-1,938,271","-1,557,225","-3,063,450","-2,787,292","-2,805,834","-2,991,983","-3,052,050","-3,422,250","-3,871,436","-5,186,973","-3,830,389","-3,779,445","-2,720,758","-2,445,065","-2,736,294","-2,750,672","-1,636,288","-2,106,349","-2,142,025","-1,083,788","-868,364","-895,209","-812,191","-750,432","-650,999","-691,042","-602,762","-390,970","-429,015","-575,064","-510,906","-517,386","-488,220","-701,262","-352,062","-568,916","-94,937","-799,098","-105,956","-155,064","-164,133"
			NetIncomeContinuousOperations,"20,173,000","35,629,000","-19,450,000","-15,343,000","19,337,000","7,530,000","3,917,000","-1,717,000","-10,590,000","-4,277,000","-3,440,152","-1,834,120","-1,278,301","-13,750,427","-12,686,400","-6,526,940","-24,433,838","-16,661,482","-9,024,224","-5,332,995","-1,063,965","-1,006,784","-2,285,388","-1,711,085","-835,875","559,511","-2,954,873","-1,583,084","-2,033,235","-2,186,373","-2,370,537","-2,533,381","-2,591,519","-2,947,649","-3,129,777","-3,072,090","-3,144,619","-2,802,169","-2,504,098","-2,460,087","-2,309,759","-1,938,271","-1,557,225","-3,063,450","-2,787,292","-2,805,834","-2,991,983","-3,052,050","-3,422,250","-3,871,436","-5,186,973","-3,830,389","-3,779,445","-2,720,758","-2,445,065","-2,736,294","-2,750,672","-1,636,288","-2,106,349","-2,142,025","-1,083,788","-868,364","-895,209","-812,191","-750,432","-650,999","-691,042","-602,762","-390,970","-429,015","-575,064","-510,906","-517,386","-488,220","-701,262","-352,062","-568,916","-94,937","-799,098","-105,956","-155,064","-164,133"
			NetIncomeDiscontinuousOperations,,,,,,,,,,,"0","0","0","0","0","0","0","96,132","20,912","30,922","-247,806","-3,346,992",,,,,,,,,,,,,,,,,,,,,,,,,,,,,,,,,,,,,,,,,,,,,,,,,,,,,,,,,,,,
		MinorityInterests,,,,,,,"-7,000","0","0","0","42,616","-19","-19","221,422","1,275,597","296,982","416,918","215,258",,,,,,"1,153",,,,,,,,,,,,,,,,,,,,,,,,,,,,,,,,,,,,,,,,,,,,,,,,,,,,,,,,,,
DilutedNIAvailtoComStockholders,"20,173,000","35,629,000","-19,450,000","-15,343,000","19,337,000","7,530,000","3,910,000","-1,717,000","-10,590,000","-4,277,000","-3,397,536","-1,834,139","-1,278,320","-13,529,005","-11,410,803","-6,229,958","-24,016,920","-16,350,092","-8,878,253","-5,302,073","-1,311,771","-4,353,776","-2,286,541","-1,709,932","-835,875","559,511","-2,954,873","-1,583,084","-2,033,235","-2,186,373","-2,370,537","-2,533,381","-2,591,519","-2,947,649","-3,129,777","-3,072,090","-3,144,619","-2,802,169","-2,504,098","-2,460,087","-2,309,759","-1,938,271","-1,557,225","-3,063,450","-2,787,292","-2,805,834","-2,991,983","-3,052,050","-3,422,250","-3,871,436","-5,186,973","-3,830,389","-3,779,445","-2,720,758","-2,445,065","-2,736,294","-2,750,672","-1,636,288","-2,106,349","-2,142,025","-1,083,788","-868,364","-895,209","-812,191","-750,432","-650,999","-691,042","-602,762","-390,970","-429,015","-575,064","-510,906","-517,386","-488,220","-701,262","-352,062","-568,916","-94,937","-799,098","-105,956","-155,064","-164,133"
BasicEPS,,"0.3",,"-0.16","0.22","0.09",,"-0.04","-0.31","-0.15",,"-0.08","-0.08","-0.94",,"-0.46","-1.81","-1.35",,"-0.98","-0.26","-0.95",,"-0.43","-0.22","0.14",,"-0.4","-0.56","-0.56",,"-0.64","-0.64","-1.12",,"-1.12","-1.68","-2.24",,"-15.36","-9.52","-9.6",,"-18.24","-16.8","-16.8",,"-19.2","-21.6","-24",,"-28.8","-28.8","-21.6",,"-21.6","-21.6","-12",,"-19.2","-9.6","-9.6",,"-12","-9.6","-9.6",,"-9.6","-7.2","-9.6",,"-12","-12","-12",,"-9.6","-14.4","-2.4",,"-2.4","-4.8","-4.8"
DilutedEPS,,"0.3",,"-0.16","0.22","0.09",,"-0.04","-0.31","-0.15",,"-0.08","-0.08","-0.94",,"-0.46","-1.81","-1.35",,"-0.98","-0.26","-0.95",,"-0.43","-0.22","0.14",,"-0.4","-0.56","-0.56",,"-0.64","-0.64","-1.12",,"-1.12","-1.68","-2.24",,"-15.36","-9.52","-9.6",,"-18.24","-16.8","-16.8",,"-19.2","-21.6","-24",,"-28.8","-28.8","-21.6",,"-21.6","-21.6","-12",,"-19.2","-9.6","-9.6",,"-12","-9.6","-9.6",,"-9.6","-7.2","-9.6",,"-12","-12","-12",,"-9.6","-14.4","-2.4",,"-2.4","-4.8","-4.8"
BasicAverageShares,,"117,042,347",,"96,064,036","88,681,338","83,163,400",,"44,773,870","34,528,836","28,585,915",,"23,371,856","15,995,092","14,449,628",,"14,197,763","13,511,427","12,289,785",,"5,401,552","5,103,739","4,599,184",,"3,999,637","3,876,961","3,876,960",,"3,873,753","3,873,753","3,873,753",,"3,873,753","3,847,867","2,704,881",,"2,681,797","1,844,572","1,244,297",,"160,760","243,589","200,694",,"167,257","167,243","167,243",,"167,243","163,227","156,252",,"133,994","132,197","131,707",,"129,654","129,821","130,253",,"116,574","112,792","87,758",,"74,738","72,986","67,030",,"65,764","58,716","48,809",,"46,002","44,355","42,915",,"38,742","38,750","38,750",,"38,208","37,928","37,106"
DilutedAverageShares,,"117,042,347",,"96,064,036","89,241,044","83,712,151",,"44,773,870","34,528,836","28,585,915",,"23,371,856","15,995,092","14,449,628",,"14,197,763","13,511,427","12,289,785",,"5,401,552","5,103,739","4,599,184",,"3,999,637","3,876,961","3,876,960",,"3,873,753","3,873,753","3,873,753",,"3,873,753","3,847,867","2,704,881",,"2,681,797","1,844,572","1,244,297",,"160,760","243,589","200,694",,"167,257","167,243","167,243",,"167,243","163,227","156,252",,"133,994","132,197","131,707",,"129,654","129,821","130,253",,"116,574","112,792","87,758",,"74,738","72,986","67,030",,"65,764","58,716","48,809",,"46,002","44,355","42,915",,"38,742","38,750","38,750",,"38,208","37,928","37,106"
TotalOperatingIncomeAsReported,"8,195,000","37,909,000","-20,351,000","-4,212,000","-5,151,000","7,355,000","-831,000","-2,107,000","-11,970,000","-4,408,000","-3,600,755","-1,894,529","-1,369,661","-3,217,055","-9,359,383","-6,457,788","-23,877,277","-19,438,979","-10,466,148","-590,501","-1,066,024","-1,028,170","-2,311,448","-1,745,402","-871,746","-1,378,537","-2,951,520","-1,590,633","-1,994,421","-2,212,137","-2,354,064","-2,544,536","-2,600,692","-2,903,744","-3,075,504","-3,072,803","-3,133,603","-2,821,273","-2,438,737","-2,401,628","-2,247,095","-1,874,202","-2,445,513","-3,011,209","-2,746,252","-2,773,214","-3,199,854","-3,027,295","-3,387,093","-3,835,320","-5,155,139","-3,808,864","-3,829,829","-2,756,161","-2,563,938","-2,898,881","-2,818,027","-1,890,125","-2,221,999","-2,222,161","-1,146,751","-854,781","-855,936","-776,024","-711,899","-607,926","-651,403","-550,744","-334,419","-365,662","-514,474","-435,061","-418,075","-404,706","-548,472","-199,417","-482,506","-55,377","-561,768","-57,354","-146,862","-161,068"
TotalExpenses,"250,787,000","70,783,000","80,874,000","78,129,000","22,311,000","15,842,000","6,122,000","4,569,000","4,499,000","5,805,000","3,629,404","3,261,570","3,836,711","4,647,315","6,011,307","8,660,634","10,781,369","6,416,167","5,487,985","614,676","1,090,198","1,056,776","2,365,013","1,771,500","895,920","1,402,712","2,984,188","1,671,897","2,043,112","2,247,600","2,457,170","2,605,007","2,624,866","2,978,647","3,098,512","3,150,579","3,154,852","2,839,928","2,455,619","2,412,358","2,274,336","1,881,477","2,498,796","3,051,356","2,819,340","2,888,295","3,306,100","3,125,544","3,471,189","3,993,440","5,107,179","3,929,983","3,916,707","2,854,295","2,682,421","3,126,406","2,917,802","2,265,784","2,347,782","2,432,714","1,323,274","1,190,818","1,255,627","1,168,739","823,885","843,743","975,401","629,112","641,735","515,901","818,362","598,355","621,608","538,092","635,656","376,143","623,364","301,184","755,744","342,926","303,071","270,738"
NetIncomeFromContinuingAndDiscontinuedOperation,"20,173,000","35,629,000","-19,450,000","-15,343,000","19,337,000","7,530,000","3,910,000","-1,717,000","-10,590,000","-4,277,000","-3,397,536","-1,834,139","-1,278,320","-13,529,005","-11,410,803","-6,229,958","-24,016,920","-16,350,092","-8,878,253","-5,302,073","-1,311,771","-4,353,776","-2,286,541","-1,709,932","-835,875","559,511","-2,954,873","-1,583,084","-2,033,235","-2,186,373","-2,370,537","-2,533,381","-2,591,519","-2,947,649","-3,129,777","-3,072,090","-3,144,619","-2,802,169","-2,504,098","-2,460,087","-2,309,759","-1,938,271","-1,557,225","-3,063,450","-2,787,292","-2,805,834","-2,991,983","-3,052,050","-3,422,250","-3,871,436","-5,186,973","-3,830,389","-3,779,445","-2,720,758","-2,445,065","-2,736,294","-2,750,672","-1,636,288","-2,106,349","-2,142,025","-1,083,788","-868,364","-895,209","-812,191","-750,432","-650,999","-691,042","-602,762","-390,970","-429,015","-575,064","-510,906","-517,386","-488,220","-701,262","-352,062","-568,916","-94,937","-799,098","-105,956","-155,064","-164,133"
NormalizedIncome,"20,033,902.695","8,571,936.312","8,804,505.801","-13,366,000","11,423,475.051","7,530,000","485,570","-2,097,000","-2,553,000","-3,420,000","-2,294,441.362","-1,526,287","-2,940,692","-10,797,407","-7,426,422.85","-6,020,551","-8,435,894.044","-4,710,806.68","-3,457,485","-5,363,898","-1,090,089","-1,015,305","-2,210,480","-1,746,633","-871,894","-618,676.6","-2,967,722","-1,616,026","-2,018,616","-2,237,201","-2,380,498","-2,537,724","-2,626,460","-2,940,534","-3,129,777","-3,072,090","-3,144,619","-2,802,169","-2,504,222.8","-2,459,788.65","-2,309,977.4","-1,938,271","-1,557,225","-3,063,450","-2,787,292","-2,808,434","-3,150,991.85","-3,052,050","-3,422,250","-3,871,436","-5,186,973","-3,830,389","-3,799,032.75","-2,729,208","-2,494,227.1","-2,771,687.8","-2,722,904.65","-1,665,993","-2,106,349","-2,142,025","-1,083,788","-868,364","-895,209","-812,191","-750,432","-680,999","-691,042","-602,762","-390,970","-429,015","-575,064","-510,906","-517,386","-488,220","-701,262","-270,562","-568,916","-94,937","-799,098","-105,956","-155,064","-164,133"
InterestIncome,,,"-295,000","40,000","80,000","175,000","58,000","12,000","16,000",,,,,,,,,,,,,"22,130",,,,,,,,,,,,,,,,,,,,,,,"3,112","8,247","14,088","23,451","11,848","12,309","18,187","27,616","67,332","76,294","112,081","178,015","187,110","268,887","143,729","140,222","122,144",,"21,075","24,403","23,788","19,646",,,,,,,,,,,,,,,,
InterestExpense,,,,,"0","0","0","0","0","2,000","2,689","2,129","48,819","68,363","84,975","21,836","15,093","1,069","4,341","4,773,397","24,065","4,834","2,278","2,384","148","25,598","24,312","25,393","24,195","25,064","26,434","27,188","25,768","36,790",,,,,"63,629","58,000","63,000","64,069","71,032","52,241","44,152","44,867","50,846","48,206","47,005","48,425","50,021","49,141","47,083","53,891","52,856","53,893","61,049","60,750","63,051","60,086","59,181",,"60,348","60,570","62,321","62,719","83,194",,"56,551","63,353","65,154",,"99,311","83,514","156,227","71,145",,,"64,275","48,602","7,469","14,065"
NetInterestIncome,"-828,000","-357,000","-591,000","40,000","80,000","175,000","58,000","12,000","16,000","-2,000","-3,029","-2,129","-48,819","-6,223,023","-84,975","-21,836","-15,093","-1,069","100,545","-4,773,397","-24,065","17,296","124,018","-2,384","-148","-25,598","-24,312","-25,393","-24,195","-25,064","-26,434","-27,188","-25,768","-36,790",,,,,"-63,629","-58,000","-63,000","-64,069","-54,608","-52,241","-41,040","-36,620","-36,758","-24,755","-35,157","-36,116","-31,834","-21,525","20,249","22,403",,,,,,,,,,,,,,,,,,,,,,,,,,,,
EBIT,"-5,727,000","9,004,000","-14,757,000","-13,321,000","23,067,000","7,530,000","3,917,000","-1,717,000","-10,590,000","-4,275,000","-3,580,463","-1,831,991","-1,229,482","-13,682,064","-9,775,425","-6,505,104","-24,890,745","-19,713,413","-10,628,883","-559,598","-1,039,900","-1,001,950","-2,283,110","-1,708,701","-835,727","585,109","-2,930,561","-1,557,691","-2,009,040","-2,161,309","-2,344,103","-2,506,193","-2,565,751","-2,910,859","-3,024,851","-3,072,803","-3,133,603","-2,821,273","-2,440,661","-2,401,628","-2,247,095","-1,874,202","-2,445,513","-3,011,209","-2,746,252","-2,773,214","-3,217,619","-3,045,061","-3,395,181","-3,835,320","-4,824,611","-3,860,771","-3,829,829","-2,756,161","-2,563,938","-2,898,881","-2,818,027","-1,890,125","-2,221,999","-2,222,161","-1,146,751","-854,781","-855,936","-776,024","-711,899","-607,926","-651,403","-550,744","-334,419","-365,662","-514,474","-435,061","-418,075","-404,706","-548,472","-199,417","-482,506","-55,377","-561,768","-57,354","-146,862","-161,068"
EBITDA,"32,628,000"
ReconciledCostOfRevenue,"119,555,000","45,271,000","35,510,000","25,767,000","13,007,000","7,534,000","2,102,000","1,582,000","1,434,000","764,000","3,288,275","897,885","1,006,633","904,207","1,886,544","2,031,885","1,477,587","349,011",,,,,"1,491","1,567","0","0","3,950","14,533","8,096","4,007","27,172","12,391","0","31,907","-37","21,230","0","0","396","0","12","184","387","382","2,749","12,827","108,201","150,367","42,048","65,566","124,104","52,566","170,663","116,226","84,737","141,821","140,182","214,936","66,272","232,275","146,691","170,394","357,503","229,703","56,657","112,843","117,536","100,634","186,932","103,510","213,208","86,967","88,355","87,146","199,255","103,065","152,013","64,160","469,910","108,599","61,852","22,434"
ReconciledDepreciation,"38,355,000","14,602,000","5,906,000","12,055,000","5,792,000","2,846,000","1,733,000","987,000","835,000","1,306,000","-1,678,213","601,664","604,579","590,970","-418,292","658,338","2,870,899","2,156,427","834,990","18,132","19,634","18,133","142,333","50,966","26,630","19,401","59,380","64,644","65,773","64,021","66,703","68,456","70,997","82,595","74,634","80,103","84,989","86,808","100,003","105,773","112,127","112,325","110,625","100,279","101,094","116,338","120,116","101,624","109,126","92,900","-64,821","81,097","78,365","79,615","77,721","78,783","69,804","93,270","99,080","66,942","67,228","65,602","67,435","59,411","59,075","58,742","60,951","53,691","60,786","74,499","174,921","174,867","174,867","148,360","75,667","62,540","83,679","71,849","135,645","11,581","11,581","11,486"
NetIncomeFromContinuingOperationNetMinorityInterest,"20,173,000","35,629,000","-19,450,000","-15,343,000","19,337,000","7,530,000","3,910,000","-1,717,000","-10,590,000","-4,277,000","-3,397,536","-1,834,139","-1,278,320","-13,529,005","-11,410,803","-6,229,958","-24,016,920","-16,446,224","-8,899,165","-5,332,995","-1,063,965","-1,006,784","-2,286,541","-1,709,932","-835,875","559,511","-2,954,873","-1,583,084","-2,033,235","-2,186,373","-2,370,537","-2,533,381","-2,591,519","-2,947,649","-3,129,777","-3,072,090","-3,144,619","-2,802,169","-2,504,098","-2,460,087","-2,309,759","-1,938,271","-1,557,225","-3,063,450","-2,787,292","-2,805,834","-2,991,983","-3,052,050","-3,422,250","-3,871,436","-5,186,973","-3,830,389","-3,779,445","-2,720,758","-2,445,065","-2,736,294","-2,750,672","-1,636,288","-2,106,349","-2,142,025","-1,083,788","-868,364","-895,209","-812,191","-750,432","-650,999","-691,042","-602,762","-390,970","-429,015","-575,064","-510,906","-517,386","-488,220","-701,262","-352,062","-568,916","-94,937","-799,098","-105,956","-155,064","-164,133"
TotalUnusualItemsExcludingGoodwill,"143,000","27,294,000","-33,304,000","-1,977,000","9,440,000","0","4,691,000","380,000","-8,037,000","-857,000","-1,148,948","-307,852","1,662,372","-2,731,598","-5,458,055","-209,407","-15,882,012","-13,885,780","-5,441,680","30,903","26,124","8,521","-76,061","36,701","36,019","1,963,646","12,849","32,942","-14,619","50,828","9,961","4,343","34,941","-7,115","-8,801","713","-11,016","19,104","192","-459","336",,,,"0","4,000","244,629","0","0","0","0","0","30,135","13,000","75,634","54,452","-42,719","45,700",,,,,"0",,,"50,000",,,,,,,,,"0","-81,500",,,,,,
TotalUnusualItems,"143,000","27,294,000","-33,304,000","-1,977,000","9,440,000","0","4,691,000","380,000","-8,037,000","-857,000","-1,148,948","-307,852","1,662,372","-2,731,598","-5,458,055","-209,407","-15,882,012","-13,885,780","-5,441,680","30,903","26,124","8,521","-76,061","36,701","36,019","1,963,646","12,849","32,942","-14,619","50,828","9,961","4,343","34,941","-7,115","-8,801","713","-11,016","19,104","192","-459","336",,,,"0","4,000","244,629","0","0","0","0","0","30,135","13,000","75,634","54,452","-42,719","45,700",,,,,"0",,,"50,000",,,,,,,,,"0","-81,500",,,,,,
NormalizedEBITDA,"32,485,000","-3,688,000","24,453,000","863,000","19,419,000","10,376,000","959,000","-830,000","-1,718,000","-2,112,000","-2,382,997","-922,475","-2,287,275","-10,359,496","-4,735,662","-5,637,359","-6,137,834","-3,671,206","-4,352,213","-572,369","-1,046,390","-992,338","-2,064,716","-1,694,436","-845,116","-1,359,136","-2,884,030","-1,525,989","-1,928,648","-2,148,116","-2,287,361","-2,442,080","-2,529,695","-2,821,149","-2,950,217","-2,992,700","-3,048,614","-2,734,465","-2,340,850","-2,295,396","-2,135,304","-1,761,877","-2,334,888","-2,910,930","-2,645,158","-2,660,876","-3,342,132","-2,943,437","-3,286,055","-3,742,420","-4,824,611","-3,779,674","-3,781,599","-2,689,546","-2,561,851","-2,874,550","-2,705,504","-1,842,555","-2,122,919","-2,155,219","-1,079,523","-789,179","-788,501","-716,613","-652,824","-599,184","-590,452","-497,053","-273,633","-291,163","-339,553","-260,194","-243,208","-256,346","-472,805","-55,377","-398,827","16,472","-426,123","-45,773","-135,281","-149,582"
TaxRateForCalcs,"0.027","0.009","0.152","0","0.162","0.27","0.27","0","0","0","0.04","0","0","0","0.27","0","0.019","0.155","0","0","0","0","0","0","0","0.4","0","0","0","0","0","0","0","0","0","0","0","0","0.35","0.35","0.35","0.35","0.35","0.35","0.35","0.35","0.35","0.35","0.35","0.35","0.35","0.35","0.35","0.35","0.35","0.35","0.35","0.35","0.35","0.35","0.35","0.35","0.4","0.4","0","0.4","0.4","0.4","0","0","0.4","0.4","0.4","0","0","0","0","0","0.4","0","0.4","0.063"
TaxEffectOfUnusualItems,"3,902.695","236,936.312","-5,049,494.199","0","1,526,475.051","0","1,266,570","0","0","0","-45,853.362","0","0","0","-1,473,674.85","0","-300,986.044","-2,150,362.68","0","0","0","0","0","0","0","785,458.4","0","0","0","0","0","0","0","0","0","0","0","0","67.2","-160.65","117.6","0","0","0","0","1,400","85,620.15","0","0","0","0","0","10,547.25","4,550","26,471.9","19,058.2","-14,951.65","15,995","0","0","0","0","0","0","0","20,000","0","0","0","0","0","0","0","0","0","0","0","0","0","0","0","0"