name,ttm,03/31/2022,12/31/2021,09/30/2021,06/30/2021,03/31/2021,12/31/2020,09/30/2020,06/30/2020,03/31/2020,12/31/2019,09/30/2019,06/30/2019,03/31/2019,12/31/2018,09/30/2018,06/30/2018,03/31/2018,12/31/2017,09/30/2017,06/30/2017,03/31/2017,12/31/2016,09/30/2016,06/30/2016,03/31/2016,12/31/2015,09/30/2015,06/30/2015,03/31/2015,12/31/2014,09/30/2014,06/30/2014,03/31/2014,12/31/2013,09/30/2013,06/30/2013,03/31/2013,12/31/2012,09/30/2012,06/30/2012,03/31/2012,12/31/2011,09/30/2011,06/30/2011,03/31/2011,12/31/2010,09/30/2010,06/30/2010,03/31/2010,12/31/2009,09/30/2009,06/30/2009,03/31/2009,12/31/2008,09/30/2008,06/30/2008,03/31/2008,12/31/2007,09/30/2007,06/30/2007,03/31/2007,12/31/2006,09/30/2006,06/30/2006,03/31/2006,12/31/2005,09/30/2005,06/30/2005,03/31/2005,12/31/2004,09/30/2004,06/30/2004,03/31/2004,12/31/2003,09/30/2003,06/30/2003,03/31/2003,12/31/2002,09/30/2002,06/30/2002,03/31/2002,12/31/2001,09/30/2001,06/30/2001,03/31/2001,12/31/2000,09/30/2000,06/30/2000,03/31/2000,09/30/1998,06/30/1998,03/31/1998,12/31/1997,09/30/1997,06/30/1997,03/31/1997,12/31/1996,09/30/1996,06/30/1996,03/31/1996
TotalRevenue,"320,331","273,231","14,500","19,000","14,600","1,000","15,000","6,000","3,000","16,000","15,000","3,000","1,000","5,000","17,000","8,000","3,000","162,094","378,958","133,686","168,548","171,251","170,539","89,118","187,304","140,652","220,158","122,107","32,709","154,887","189,220","73,398","125,975","40,154","49,845","128,614","109,416","71,487","115,686","33,649","29,922","14,435","18,909","143,491","20,553","10,438","5,350","9,805","5,640","13,047","7,626","15,681","7,169","3,384","2,500","6,864","3,236","11,062","5,736","2,950","2,314","14,465","5,265","2,350","5,850","30,000","22,500","22,500","22,500","30,000","22,500","22,500","22,500","22,500","22,500","22,500","22,500","22,500","90,000","15,000","12,500","5,000","9,999","1,322","125","724","1,169","31,332","9,256","9,983","100,000","100,000","100,000","0","100,000","100,000","100,000","0","100,000","100,000","100,000"
	OperatingRevenue,"320,331","273,231","14,500","19,000","14,600","1,000","15,000","6,000","3,000","16,000","15,000","3,000","1,000","5,000","17,000","8,000","3,000","162,094","378,958","133,686","168,548","171,251","170,539","89,118","187,304","140,652","220,158","122,107","32,709","154,887","189,220","73,398","125,975","40,154","49,845","128,614","109,416","71,487","115,686","33,649","29,922","14,435","18,909","143,491","20,553","10,438","5,350","9,805","5,640","13,047","7,626","15,681","7,169","3,384","2,500","6,864","3,236","11,062","5,736","2,950","2,314","14,465","5,265","2,350","5,850","30,000","22,500","22,500","22,500","30,000","22,500","22,500","22,500","22,500","22,500","22,500","22,500","22,500","90,000","15,000","12,500","5,000","9,999","1,322","125","724","1,169","31,332","9,256","9,983","100,000","100,000","100,000","0","100,000","100,000","100,000","0","100,000","100,000","100,000"
CostOfRevenue,,"247,986",,,,,,,,,,,,,,,,,,,,,,,,,"0","0","0","0","0","0","0","0","0","0","0","0","0","0","0","0","0","130,000","6,925","0","0","0","0","0","0","0","0","0",,,,,,,,,,,,,,,,,,,,,,,,,,,,,,,,,,,,,,,"500,000",,,,,,,,
GrossProfit,,"25,245",,,,,,,,,,,,,,,,,,,,,,,,,"220,158","122,107","32,709","154,887","189,220","73,398","125,975","40,154","49,845","128,614","109,416","71,487","115,686","33,649","29,922","14,435","18,909","13,491","13,628","10,438","5,350","9,805","5,640","13,047","7,626","15,681","7,169","3,384","2,500","6,864","3,236","11,062","5,736","2,950","2,314",,"5,265","2,350","5,850","30,000","22,500",,"22,500","30,000","22,500",,"22,500","22,500","22,500","22,500",,,"90,000","15,000","12,500","5,000","9,999","1,322","125","724","1,169","31,332",,"9,983",,,"-400,000",,,,,,,,
OperatingExpense,"3,920,472","898,949","686,940","571,387","1,889,232","192,585","168,272","105,427","68,651","96,015","92,802","164,558","83,211","95,857","92,134","118,926","553,348","105,686","87,822","124,006","103,187","106,100","104,167","233,370","167,532","144,036","494,778","104,742","106,210","194,440","164,257","183,626","213,002","304,916","172,929","174,915","267,232","688,834","529,797","405,275","566,684","798,275","397,213","536,307","1,261,232","428,605","105,618","72,741","81,851","108,355","291,671","170,125","166,918","115,336","219,314","163,732","152,278","75,973","13,622","25,762","26,236","16,377","29,491","46,622","45,656","7,751","38,034","43,262","33,972","29,488","15,002","25,991","38,346","31,016","38,901","32,936","43,438","44,969","22,660","26,596","26,023","37,686","93,633","43,634","48,100","19,084","196,430","54,069","59,153","61,513","500,000","1,100,000","500,000","1,100,000","900,000","700,000","700,000","1,100,000","400,000","400,000","100,000"
	SellingGeneralAndAdministration,"1,994,352","713,296","581,704","455,451","364,724","158,187","133,652","82,927","46,151","61,076","58,184","49,938","48,590","60,798","57,520","47,511","63,927","70,394","49,958","45,635","56,455","58,443","55,468","55,485","120,802","86,311","59,716","52,895","49,886","109,784","108,536","137,848","101,887","153,435","94,342","107,413","189,827","452,677","205,483","280,663","271,433","221,239","833,193","299,577","902,503","228,519","51,311","32,035","52,242","63,313","162,716","50,968","100,654","42,843","95,889","93,152","81,412","27,536","13,622","18,262","26,236","16,377","29,491","39,122","45,631","7,751","38,034","35,800","33,934","29,393","14,960","15,347","35,497","29,852","35,418","23,602","43,275","42,861","22,011","26,262","25,580","36,443","50,815","43,657","46,179","58,206","191,180","53,962","53,903","53,593","200,000","300,000","500,000","500,000","400,000","400,000","300,000","1,100,000","400,000","400,000","100,000"
		GeneralAndAdministrativeExpense,"1,994,352","713,296","581,704","455,451","364,724","158,187","133,652","82,927","46,151","61,076","58,184","49,938","48,590","60,798","57,520","47,511","63,927","70,394",,,,,,,,,,,,,,,,,,,,,,,,,,,,,,,,,,,,,,,,,,,,,,,,,,,,,,,,,,,,,,,"25,462",,,"41,475","45,663","57,384",,,,,,,,,,,,,,,
			SalariesAndWages,,"301,235",,,"158,979",,,,,,,,,,,,,,,,,,,,,,,,,,,,,,,,,,,,,,,,,,,,,,,,,,,,,,,,,,,,,,,,,,,,,,,,,,,,,,,,,,,,,,,,,,,,,,,,
			OtherGandA,"1,693,117","412,061","581,704","455,451","205,745","158,187","133,652","82,927","46,151","61,076","58,184","49,938","48,590","60,798","57,520","47,511","63,927","70,394",,,,,,,,,,,,,,,,,,,,,,,,,,,,,,,,,,,,,,,,,,,,,,,,,,,,,,,,,,,,,,,"25,462",,,"41,475","45,663","57,384",,,,,,,,,,,,,,,
		SellingAndMarketingExpense,,,,,,,,,,,,,,,,,,,,,,,,,,,,,,,,,,,,,,,,,,,,,,,,,,,,,,,,,,,,,,,,,,,,,,,,,,,,,,,,,"118",,,"2,182","516","822",,,,,,,,,,,,,,,
	ResearchAndDevelopment,"1,926,120","185,653","105,236","115,936","1,524,508","34,398","34,620","22,500","22,500","34,939","34,618","114,620","34,621","35,059","34,614","71,415","489,421","35,292","37,864","78,371","46,732","47,657","48,699","177,885","46,730","57,725","435,062","51,847","56,324","84,656","55,721","45,778","111,115","151,481","78,587","67,502","77,405","236,157","324,314","124,612","295,251","577,036","-435,980","236,730","358,729","200,086","54,307","40,706","29,609","45,042","128,955","119,157","66,264","72,493","123,425","70,580","70,866","48,437","0","7,500",,,"0","7,500","25",,"0","7,462","38","95","42","10,644","2,849","1,164","3,483","9,334","163","2,108","649","694","443","1,243","42,818","-23","1,921","-39,122","5,250","107","5,250","7,920","300,000","800,000",,"600,000","500,000","300,000","400,000",,,,
	OtherOperatingExpenses,,,,,,,,,,,,,,,,,,,,,,,,,,,,,,,,,,,,,,,,,,,,,,,,,,,,,,,,,,,,,,,,,,,,,,,,,,,,,,,,"-360",,,,,,,,,,,,,,,,,,,,,
OperatingIncome,"-3,848,127","-873,704","-672,440","-552,387","-1,874,632","-191,585","-153,272","-99,427","-65,651","-80,015","-77,802","-161,558","-82,211","-90,857","-75,134","-110,926","-550,348","56,408","291,136","9,680","65,361","65,151","66,372","-144,252","19,772","-3,384","-274,620","17,365","-73,501","-39,553","24,963","-110,228","-87,027","-264,762","-123,084","-46,301","-157,816","-617,347","-414,111","-371,626","-536,762","-783,840","-378,304","-522,816","-1,247,604","-418,167","-100,268","-62,936","-76,211","-95,308","-284,045","-154,444","-159,749","-111,952","-216,814","-156,868","-149,042","-64,911","-7,886","-22,812","-23,922","-1,912","-24,226","-44,272","-39,806","22,249","-15,534","-20,762","-11,472","512","7,498","-3,491","-15,846","-8,516","-16,401","-10,436","-20,938","-22,469","67,340","-11,596","-13,523","-32,686","-83,634","-42,312","-47,975","-18,360","-195,261","-22,737","-49,897","-51,530","-400,000","-1,000,000","-900,000","-1,100,000","-800,000","-600,000","-600,000","-1,100,000","-300,000","-300,000","0"
NetNonOperatingInterestIncomeExpense,"92,469","840","315","428","323","-90,563","-87,022","-23,124","-13,501","-11,648","-10,300","-9,265","-9,451","-4,294","0","0","706","216","-3,299","-5,589","-8,142","-9,945","-16,372","-17,338","-13,875","-14,684","-15,466","-13,148","-13,932","-13,779","-32,478","-32,825","-42,368","-21,188","-71,730","-33,671","-22,021","-19,738","-3,048","-3,792","-3,717","-3,644","-3,572","-3,502","-3,157","0","0","0","0","0","0","-8,947","-89,243","-82,141",,,,,,,,,,,,,,,,,,,,,,,,,,,,,,,,,,,,,,,,,,,,,,,
	InterestIncomeNonOperating,,"840","315","428","323",,,,,,"0","0","0","0","0","0","706","914","756","0","50",,,,,,"291","570",,,"0","0","0","0","0","0","0","0","0","0","0","0","0","0","0","0","0","0","0","0","0","0","0","0",,,,,,,,,,,,,,,,,,,,,,,,,,,,,,,,,,,,,,,,,,,,,,,
	InterestExpenseNonOperating,,,,,,"90,563","87,022","23,124","13,501","11,648","10,300","9,265","9,451","4,294","0","0",,"698","4,055","5,589","8,192","9,945","16,372","17,338","13,875","14,684","15,757","13,718","13,932","13,779","32,478","32,825","42,368","21,188","71,730","33,671","22,021","19,738","3,048","3,792","3,717","3,644","3,572","3,502","3,157","0","0","0","0","0","0","8,947","89,243","82,141",,,,,,,,,,,,,,,,,,,,,,,,,,,,,,,,,,,,,,,,,,,,,,,
OtherIncomeExpense,"-3,459","7",,,,"3,800",,,,,"0",,"-69,178",,,,,,,"-1","0","0","-1","0","0","0","0","0","0","0","0",,"0","0","32,000","-40,000","4,000","40,750","3,250","0","0","0","0","0","0","23,657","26,371","0","0","0","-200","0","0","0","2,205","-13,501","7,500","0",,,,,,,,,,,,,,,"6",,,,,,,,"0",,,,,,"-40","14","26","-6,377","0",,,"0",,"100,000","100,000","100,000","100,000",,
	SpecialIncomeCharges,,,"0","0",,,"0","0","0",,"0","0","-69,178",,,,,,,,,,,,,,,,,,"0","0","0","0","32,000","-40,000","4,000","40,750","-2,634,510","0","0","0","0","0","0","23,657","26,371","0",,,,,"0","0","2,205","-13,501","7,500",,,,,,,,,,,,,,,,"6",,,,,,,,,,,,,,"-40","14","26","-6,377",,,,"0",,"100,000","100,000","100,000","100,000",,
		ImpairmentOfCapitalAssets,,,,,,,"0","0","0",,"0","0","69,178",,,,,,,,,,,,,,,,,,,,"0","0","0","0","0","0",,,,,,,,,,,,,,,,,,,,,,,,,,,,,,,,,,,,,,,,,,,,,,,,,,,,,,,,,,,,,,,
		WriteOff,,,,,,,,,,,"0","0",,,,,,,,,,,,,,,,,,,,,,,,,,,,,,,,,,,,,,,,,,,,,,,,,,,,,,,,,,,,,,,,,,,,,,,,,,,,,,,,,,,,,,,,,
		OtherSpecialCharges,,,,,,,,,,,,,,,,,,,,,,,,,,,,,,,,,,,"-32,000","40,000","-4,000","-40,750",,,,,,,,,,,,,,,,,,,,,,,,,,,,,,,,,,,,,,,,,,,,,,,,,,,,,,,,,,,,,,,
	OtherNonOperatingIncomeExpenses,"-3,459","7",,,,"3,800",,,,,,,,,,,,,,,,,,,,,,,,,,,,,,,,,,,,,,,,,,,,,,,,,,,,,,,,,,,,,,,,,,,,,,,,,,,,,,,,,,,,,,,,,,,,,,,
PretaxIncome,"-3,759,118","-872,858","-671,791","-551,959","-1,874,308","-278,348","-240,294","-122,551","-79,152","-91,663","-88,102","-170,823","-160,840","-95,151","-75,134","-110,926","-549,642","56,624","287,837","4,090","57,219","55,206","49,999","-161,590","5,897","-18,068","-290,086","4,217","-87,433","-53,332","-7,515","-143,053","-129,395","-285,950","-162,814","-119,972","-175,837","-596,335","-3,051,669","-375,418","-540,479","-787,484","-381,876","-526,318","-1,250,761","-394,510","-73,897","-62,936","-76,211","-95,308","-284,245","-163,391","-248,992","-194,093","-367,752","-170,369","-142,309","-43,732",,,,,,,,,,,,,,,,,,,,,,,"-16,759",,,,,,,,,,,,,,,,,,,,
TaxProvision,"0","0","0","0","0","0","0","0","0","0","0","0","0","0","0","0","0","0",,"0","0","0","0","0","0","0","0","0","0","0","0","0","0","0","0","0","0","0","0","0","0","0","0","0","0","0","0","0","0","0","0","0","0","0",,,,,,,,,,,,,,,,,,,,,,,,,,,,,,,,,,,,,,,,,,,,,,,
NetIncomeCommonStockholders,"-3,759,118","-872,858","-671,791","-551,959","-1,847,308","-278,348","-240,294","-122,551","-79,152","-91,663","-88,102","-170,823","-160,840","-95,151","-75,134","-110,926","-549,642","56,624","287,837","4,090","57,219","55,206","49,999","-161,590","5,897","-18,068","-290,086","4,217","-87,433","-53,332","-7,515","-143,053","-129,395","-285,950","-162,814","-119,972","-175,837","-596,335","-3,051,669","-375,418","-540,479","-787,484","-381,876","-526,318","-1,250,761","-394,510","-73,897","-62,936","-76,211","-95,308","-284,245","-163,391","-248,992","-194,093","-367,752","-170,369","-142,309","-43,732","-28,062","-28,245","-29,369","-7,263","-16,166","-49,308","-44,756","17,345","-20,811","-26,283","-16,930","-5,095","6,405","-9,106","-21,326","-13,990","-21,775","-15,942","-26,240","-26,584","64,074","-15,290","-16,759","-35,788","-81,693","-49,878","-50,684","-19,929","-196,494","-24,255","-52,742","-61,995","-500,000","-1,200,000","-1,000,000","-1,100,000","-800,000","-700,000","-700,000","-1,000,000","-400,000","-300,000","-100,000"
	NetIncome,"-3,759,118","-872,858","-671,791","-551,959","-1,847,308","-278,348","-240,294","-122,551","-79,152","-91,663","-88,102","-170,823","-160,840","-95,151","-75,134","-110,926","-549,642","56,624","287,837","4,090","57,219","55,206","49,999","-161,590","5,897","-18,068","-290,086","4,217","-87,433","-53,332","-7,515","-143,053","-129,395","-285,950","-162,814","-119,972","-175,837","-596,335","-3,051,669","-375,418","-540,479","-787,484","-381,876","-526,318","-1,250,761","-394,510","-73,897","-62,936","-76,211","-95,308","-284,245","-163,391","-248,992","-194,093","-367,752","-170,369","-142,309","-43,732","-28,062","-28,245","-29,369","-7,263","-16,166","-49,308","-44,756","17,345","-20,811","-26,283","-16,930","-5,095","6,405","-9,106","-21,326","-13,990","-21,775","-15,942","-26,240","-26,584","64,074","-15,290","-16,759","-35,788","-81,693","-49,878","-50,684","-19,929","-196,494","-24,255","-52,742","-61,995","-500,000","-1,200,000","-1,000,000","-1,100,000","-800,000","-700,000","-700,000","-1,000,000","-400,000","-300,000","-100,000"
		NetIncomeIncludingNoncontrollingInterests,"-3,759,118","-872,858","-671,791","-551,959","-1,874,308","-278,348","-240,294","-122,551","-79,152","-91,663","-88,102","-170,823","-160,840","-95,151","-75,134","-110,926","-549,642","56,624","287,837","4,090","57,219","55,206","49,999","-161,590","5,897","-18,068","-290,086","4,217","-87,433","-53,332","-7,515","-143,053","-129,395","-285,950","-162,814","-119,972","-175,837","-596,335","-3,051,669","-375,418","-540,479","-787,484","-381,876","-526,318","-1,250,761","-394,510","-73,897","-62,936","-76,211","-95,308","-284,245","-163,391","-248,992","-194,093","-367,752","-170,369","-142,309","-43,732","-28,062","-28,245","-29,369","-7,263","-16,166","-49,308","-44,756","17,345","-20,811","-26,283","-16,930","-5,095","6,405","-9,106","-21,326","-13,990","-21,775","-15,942","-26,240","-26,584","64,074","-15,290","-16,759","-35,788","-81,693","-49,878","-50,684","-19,929","-196,494","-24,255","-52,742","-61,995","-500,000","-1,200,000","-1,000,000","-1,100,000","-800,000","-700,000","-700,000","-1,000,000","-400,000","-300,000","-100,000"
			NetIncomeContinuousOperations,"-3,759,118","-872,858","-671,791","-551,959","-1,874,308","-278,348","-240,294","-122,551","-79,152","-91,663","-88,102","-170,823","-160,840","-95,151","-75,134","-110,926","-549,642","56,624","287,837","4,090","57,219","55,206","49,999","-161,590","5,897","-18,068","-290,086","4,217","-87,433","-53,332","-7,515","-143,053","-129,395","-285,950","-162,814","-119,972","-175,837","-596,335","-3,051,669","-375,418","-540,479","-787,484","-381,876","-526,318","-1,250,761","-394,510","-73,897","-62,936","-76,211","-95,308","-284,245","-163,391","-248,992","-194,093","-367,752","-170,369","-142,309","-43,732","-28,062","-28,245","-29,369","-7,263","-16,166","-49,308","-44,756","17,345","-20,811","-26,283","-16,930","-5,095","6,405","-9,106","-21,326","-13,990","-21,775","-15,942","-26,240","-26,584","64,074","-15,290","-16,759","-35,788","-81,693","-49,878","-50,684","-19,929","-196,494","-24,255","-52,742","-61,995","-500,000","-1,200,000","-1,000,000","-1,100,000","-800,000","-700,000","-700,000","-1,000,000","-400,000","-300,000","-100,000"
DilutedNIAvailtoComStockholders,"-3,759,118","-872,858","-671,791","-551,959","-1,847,308","-278,348","-240,294","-122,551","-79,152","-91,663","-88,102","-170,823","-160,840","-95,151","-75,134","-110,926","-549,642","56,624","287,837","4,090","57,219","55,206","49,999","-161,590","5,897","-18,068","-290,086","4,217","-87,433","-53,332","-7,515","-143,053","-129,395","-285,950","-162,814","-119,972","-175,837","-596,335","-3,051,669","-375,418","-540,479","-787,484","-381,876","-526,318","-1,250,761","-394,510","-73,897","-62,936","-76,211","-95,308","-284,245","-163,391","-248,992","-194,093","-367,752","-170,369","-142,309","-43,732","-28,062","-28,245","-29,369","-7,263","-16,166","-49,308","-44,756","17,345","-20,811","-26,283","-16,930","-5,095","6,405","-9,106","-21,326","-13,990","-21,775","-15,942","-26,240","-26,584","64,074","-15,290","-16,759","-35,788","-81,693","-49,878","-50,684","-19,929","-196,494","-24,255","-52,742","-61,995","-500,000","-1,200,000","-1,000,000","-1,100,000","-800,000","-700,000","-700,000","-1,000,000","-400,000","-300,000","-100,000"
BasicEPS,,"-0.01",,"-0.01","-0.02","-0.01",,"-0.004","-0.002","-0.003",,"-0.01","-0.005","-0.003",,"-0.003","-0.02","0.002",,"0","0.002","0.002",,"-0.005","0","-0.001",,"0","-0.003","-0.002",,"0","-0.004","-0.01",,"0","-0.01","-0.02",,"-0.01","-0.02","-0.03",,"-0.02","-0.05","-0.01",,"-0.01","-0.01","0",,"-0.01","-0.01","-0.01",,"-0.01","-0.01","0",,"-0.03","-0.03","-0.01",,"-0.05","-0.044","0.02",,"-0.25","-0.017","-0.005",,"-0.009","-0.021","-0.014",,"-0.016","-0.026","-0.026",,"-0.015","-0.016","-0.036",,"-0.083","-0.083","-0.02",,"-0.024","-0.083","-0.083",,,,,,,,,,,
DilutedEPS,,"-0.01",,"-0.01","-0.02","-0.01",,"-0.004","-0.002","-0.003",,"-0.01","-0.005","-0.003",,"-0.003","-0.02","0.002",,"0","0.002","0.002",,"-0.005","0","-0.001",,"0","-0.003","-0.002",,"0","-0.004","-0.01",,"0","-0.01","-0.02",,"-0.01","-0.02","-0.03",,"-0.02","-0.05","-0.01",,"-0.01","-0.01","0",,"-0.01","-0.01","-0.01",,"-0.01","-0.01","0",,"-0.03","-0.03","-0.01",,"-0.05","-0.044","0.02",,"-0.25","-0.017","-0.005",,"-0.009","-0.021","-0.014",,"-0.016","-0.026","-0.026",,"-0.015","-0.016","-0.036",,"-0.083","-0.083","-0.02",,"-0.024","-0.083","-0.083",,,,,,,,,,,
BasicAverageShares,,"126,499,142",,"98,391,746","91,652,090","27,940,494",,"31,706,602","31,750,106","31,750,106",,"31,750,106","31,750,106","31,750,106",,"31,750,106","31,750,106","31,750,106",,"31,750,106","31,750,106","31,750,106",,"31,750,106","31,750,106","31,750,106",,"31,750,106","31,750,106","31,750,106",,"31,674,454","30,197,908","13,000,046",,"27,425,524","26,416,590","26,244,550",,"28,142,413","28,154,620","25,962,587",,"25,605,940","25,415,167","28,644,526",,"27,913,644","27,795,226","27,620,472",,"26,838,581","25,926,026","25,926,026",,"14,410,330","14,410,330","14,410,330",,"1,019,144","1,019,144","1,019,144",,"1,019,144","1,019,144","1,019,144",,"122,302","1,019,185","1,019,185",,"1,019,185","1,019,185","1,019,185",,"1,019,185","1,019,185","1,019,185",,"1,019,185","1,019,185","1,006,584",,"1,001,184","1,001,184","1,001,184",,"995,109","975,065","914,477",,,,,,,,,,,
DilutedAverageShares,,"126,499,142",,"98,391,746","91,652,090","27,940,494",,"31,706,602","31,750,106","31,750,106",,"31,750,106","31,750,106","31,750,106",,"31,750,106","31,750,106","31,750,106",,"31,750,106","31,750,106","31,750,106",,"31,750,106","31,750,106","31,750,106",,"31,750,106","31,750,106","31,750,106",,"31,674,454","30,197,908","13,000,046",,"27,425,524","26,416,590","26,244,550",,"28,142,413","28,154,620","25,962,587",,"25,605,940","25,415,167","28,644,526",,"27,913,644","27,795,226","27,620,472",,"26,838,581","25,926,026","25,926,026",,"14,410,330","14,410,330","14,410,330",,"1,019,144","1,019,144","1,019,144",,"1,019,144","1,019,144","1,019,144",,"122,302","1,019,185","1,019,185",,"1,019,185","1,019,185","1,019,185",,"1,019,185","1,019,185","1,019,185",,"1,019,185","1,019,185","1,006,584",,"1,001,184","1,001,184","1,001,184",,"995,109","975,065","914,477",,,,,,,,,,,
TotalOperatingIncomeAsReported,"-3,848,128","-873,705","-672,440","-552,387","-1,874,631","-191,585","-153,272","-99,427","-65,651","-80,015","-77,802","-161,558","-82,211","-90,857","-75,134","-110,926","-550,348","56,408","291,136","9,680","65,361","65,151","66,372","-144,252","19,772","-3,384","-274,620","17,365","-73,501","-39,553","24,963","-110,228","-87,027","-264,762","-123,084","-46,301","-157,816","-617,347","-3,051,871","-371,626","-536,762","-783,840","-378,304","-522,816","-1,247,604","-418,167","-100,268","-62,936","-76,211","-95,308","-284,045","-154,444","-159,749","-111,952","-216,814","-156,868","-149,042","-64,911","-7,886","-22,812","-23,922","-1,912","-24,226","-44,272","-39,806","22,249","-15,534","-20,762","-11,472","512","7,498","-3,491","-15,846","-8,516","-16,401","-10,436","-20,938","-22,469","67,340","-11,596","-13,523","-32,686","-83,634","-42,312","-47,975","-18,360","-195,261","-22,737","-49,897","-51,530",,,,,,,,,,,
TotalExpenses,"4,168,458","1,146,935","686,940","571,387","1,889,232","192,585","168,272","105,427","68,651","96,015","92,802","164,558","83,211","95,857","92,134","118,926","553,348","105,686","87,822","124,006","103,187","106,100","104,167","233,370","167,532","144,036","494,778","104,742","106,210","194,440","164,257","183,626","213,002","304,916","172,929","174,915","267,232","688,834","529,797","405,275","566,684","798,275","397,213","666,307","1,268,157","428,605","105,618","72,741","81,851","108,355","291,671","170,125","166,918","115,336","219,314","163,732","152,278","75,973","13,622","25,762","26,236","16,377","29,491","46,622","45,656","7,751","38,034","43,262","33,972","29,488","15,002","25,991","38,346","31,016","38,901","32,936","43,438","44,969","22,660","26,596","26,023","37,686","93,633","43,634","48,100","19,084","196,430","54,069","59,153","61,513","500,000","1,100,000","1,000,000","1,100,000","900,000","700,000","700,000","1,100,000","400,000","400,000","100,000"
NetIncomeFromContinuingAndDiscontinuedOperation,"-3,759,118","-872,858","-671,791","-551,959","-1,847,308","-278,348","-240,294","-122,551","-79,152","-91,663","-88,102","-170,823","-160,840","-95,151","-75,134","-110,926","-549,642","56,624","287,837","4,090","57,219","55,206","49,999","-161,590","5,897","-18,068","-290,086","4,217","-87,433","-53,332","-7,515","-143,053","-129,395","-285,950","-162,814","-119,972","-175,837","-596,335","-3,051,669","-375,418","-540,479","-787,484","-381,876","-526,318","-1,250,761","-394,510","-73,897","-62,936","-76,211","-95,308","-284,245","-163,391","-248,992","-194,093","-367,752","-170,369","-142,309","-43,732","-28,062","-28,245","-29,369","-7,263","-16,166","-49,308","-44,756","17,345","-20,811","-26,283","-16,930","-5,095","6,405","-9,106","-21,326","-13,990","-21,775","-15,942","-26,240","-26,584","64,074","-15,290","-16,759","-35,788","-81,693","-49,878","-50,684","-19,929","-196,494","-24,255","-52,742","-61,995","-500,000","-1,200,000","-1,000,000","-1,100,000","-800,000","-700,000","-700,000","-1,000,000","-400,000","-300,000","-100,000"
NormalizedIncome,"-3,759,118","-872,858","-671,791","-551,959","-1,847,308","-278,348","-240,294","-122,551","-79,152","-91,663","-88,102","-170,823","-91,662","-95,151","-75,134","-110,926","-549,642","56,624","287,837","4,090","57,219","55,206","49,999","-161,590","5,897","-18,068","-290,086","4,217","-87,433","-53,332","-7,515","-143,053","-129,395","-285,950","-194,814","-79,972","-179,837","-637,085","-417,159","-375,418","-540,479","-787,484","-381,876","-526,318","-1,250,761","-418,167","-100,268","-62,936","-76,211","-95,308","-284,245","-163,391","-248,992","-194,093","-369,957","-156,868","-149,809","-43,732","-28,062","-28,245","-29,369","-7,263","-16,166","-49,308","-44,756","17,345","-20,811","-26,283","-16,930","-5,095","6,405","-9,106","-21,329.6","-13,990","-21,775","-15,942","-26,240","-26,584","64,074","-15,290","-16,759","-35,788","-81,693","-49,878","-50,684","-19,929","-196,470","-24,263.4","-52,757.6","-58,168.8","-500,000","-1,200,000","-1,000,000","-1,100,000","-800,000","-760,000","-760,000","-1,060,000","-460,000","-300,000","-100,000"
InterestIncome,,"840","315","428","323",,,,,,"0","0","0","0","0","0","706","914","756","0","50",,,,,,"291","570",,,"0","0","0","0","0","0","0","0","0","0","0","0","0","0","0","0","0","0","0","0","0","0","0","0","0","-5,199","-15,980","23,480",,,,,"263","5","37","27","265",,"28","5","203",,,"12","167","35",,,"86","19","80","177","357","722","1,326","1,834","2,171","1,778",,"394",,,,,,,,,,,
InterestExpense,,,,,,"90,563","87,022","23,124","13,501","11,648","10,300","9,265","9,451","4,294","0","0",,"698","4,055","5,589","8,192","9,945","16,372","17,338","13,875","14,684","15,757","13,718","13,932","13,779","32,478","32,825","42,368","21,188","71,730","33,671","22,021","19,738","3,048","3,792","3,717","3,644","3,572","3,502","3,157","0","0","0","0","0","0","8,947","89,243","82,141",,,"767","2,301","20,176","5,433","5,447",,"6,081","5,041","4,987","4,931","5,542",,"5,486","5,612","5,730",,"5,486","5,486","5,541","5,541",,,"3,352","3,353","3,316","3,279","-1,584","8,288","4,035","3,403","3,364","3,310",,"4,482",,,,,,,,,,,
NetInterestIncome,"92,469","840","315","428","323","-90,563","-87,022","-23,124","-13,501","-11,648","-10,300","-9,265","-9,451","-4,294","0","0","706","216","-3,299","-5,589","-8,142","-9,945","-16,372","-17,338","-13,875","-14,684","-15,466","-13,148","-13,932","-13,779","-32,478","-32,825","-42,368","-21,188","-71,730","-33,671","-22,021","-19,738","-3,048","-3,792","-3,717","-3,644","-3,572","-3,502","-3,157","0","0","0","0","0","0","-8,947","-89,243","-82,141","-153,143","-4,432","-767","21,179","-20,176","-5,433","-5,447",,"-5,818","-5,036","-4,950","-4,904","-5,277",,"-5,458","-5,607","-5,527",,"-5,486","-5,474","-5,374","-5,506",,,"-3,266","-3,334","-3,236","-3,102","1,941","-7,566","-2,709","-1,569","-1,193","-1,532",,"-4,088",,,,,,,,,,,
EBIT,"-3,851,927","-873,704","-672,440","-552,387","-1,874,632","-187,785","-153,272","-99,427","-65,651","-80,015","-77,802","-161,558","-151,389","-90,857","-75,134","-110,926","-550,348","57,322","291,892","9,679","65,411","65,151","66,371","-144,252","19,772","-3,384","-274,329","17,935","-73,501","-39,553","24,963","-110,228","-87,027","-264,762","-91,084","-86,301","-153,816","-576,597","-3,048,621","-371,626","-536,762","-783,840","-378,304","-522,816","-1,247,604","-394,510","-73,897","-62,936","-76,211","-95,308","-284,245","-154,444","-159,749","-111,952","-216,814","-156,868","-149,042","-64,911","-7,886","-22,812","-23,922","-1,912","-24,226","-44,272","-39,806","22,249","-15,534","-20,762","-11,472","512","7,498","-3,491","-15,846","-8,516","-16,401","-10,436","-20,938","-22,469","67,340","-11,596","-13,523","-32,686","-83,634","-42,312","-47,975","-18,360","-195,261","-22,737","-49,897","-51,530","-400,000","-1,000,000","-900,000","-1,100,000","-800,000","-600,000","-600,000","-1,100,000","-300,000","-300,000","0"
EBITDA,"-3,851,927"
ReconciledCostOfRevenue,,"247,986",,,,,,,,,,,,,,,,,,,,,,,,,"0","0","0","0","0","0","0","0","0","0","0","0","0","0","0","0","0","130,000","6,925","0","0","0","0","0","0","0","0","0",,,,,,,,,,,,,,,,,,,,,,,,,,,,,,,,,,,,,,,"500,000",,,,,,,,
ReconciledDepreciation,,"16,458","29,736","16,039",,,"0","0","0","0","1","0","1,579","4,054","3,180","3,209","5,134","8,440","9,112","9,111","9,111","9,112","9,112","9,111","7,434","6,714","6,929","6,930","3,884","58,836","60,418","58,354","58,729","58,954","61,026","57,208","57,177","56,247","56,320","56,322","56,555","1,913","1,913","1,762","2,063","1,680","1,436","1,417","1,417","1,417","1,355","784","776","768","785","704","670","660",,,,,,,,,,,,,,,,,,,,,,,,,"1,787","2,209","4,083","4,892","4,891","4,894","5,309","6,091",,,,,,,,,,,
NetIncomeFromContinuingOperationNetMinorityInterest,"-3,759,118","-872,858","-671,791","-551,959","-1,847,308","-278,348","-240,294","-122,551","-79,152","-91,663","-88,102","-170,823","-160,840","-95,151","-75,134","-110,926","-549,642","56,624","287,837","4,090","57,219","55,206","49,999","-161,590","5,897","-18,068","-290,086","4,217","-87,433","-53,332","-7,515","-143,053","-129,395","-285,950","-162,814","-119,972","-175,837","-596,335","-3,051,669","-375,418","-540,479","-787,484","-381,876","-526,318","-1,250,761","-394,510","-73,897","-62,936","-76,211","-95,308","-284,245","-163,391","-248,992","-194,093","-367,752","-170,369","-142,309","-43,732","-28,062","-28,245","-29,369","-7,263","-16,166","-49,308","-44,756","17,345","-20,811","-26,283","-16,930","-5,095","6,405","-9,106","-21,326","-13,990","-21,775","-15,942","-26,240","-26,584","64,074","-15,290","-16,759","-35,788","-81,693","-49,878","-50,684","-19,929","-196,494","-24,255","-52,742","-61,995","-500,000","-1,200,000","-1,000,000","-1,100,000","-800,000","-700,000","-700,000","-1,000,000","-400,000","-300,000","-100,000"
TotalUnusualItemsExcludingGoodwill,"0",,"0","0",,,"0","0","0",,"0","0","-69,178",,,,,,,,,,,,,,,,,,"0","0","0","0","32,000","-40,000","4,000","40,750","-2,634,510","0","0","0","0","0","0","23,657","26,371","0",,,,,"0","0","2,205","-13,501","7,500",,,,,,,,,,,,,,,,"6",,,,,,,,,,,,,,"-40","14","26","-6,377",,,,"0",,"100,000","100,000","100,000","100,000",,
TotalUnusualItems,"0",,"0","0",,,"0","0","0",,"0","0","-69,178",,,,,,,,,,,,,,,,,,"0","0","0","0","32,000","-40,000","4,000","40,750","-2,634,510","0","0","0","0","0","0","23,657","26,371","0",,,,,"0","0","2,205","-13,501","7,500",,,,,,,,,,,,,,,,"6",,,,,,,,,,,,,,"-40","14","26","-6,377",,,,"0",,"100,000","100,000","100,000","100,000",,
NormalizedEBITDA,"-3,851,927","-857,246","-642,704","-536,348","-1,874,632","-187,785","-153,272","-99,427","-65,651","-80,015","-77,801","-161,558","-80,632","-86,803","-71,954","-107,717","-545,214","65,762","301,004","18,790","74,522","74,263","75,483","-135,141","27,206","3,330","-267,400","24,865","-69,617","19,283","85,381","-51,874","-28,298","-205,808","-62,058","10,907","-100,639","-561,100","-357,791","-315,304","-480,207","-781,927","-376,391","-521,054","-1,245,541","-416,487","-98,832","-61,519","-74,794","-93,891","-282,890","-153,660","-158,973","-111,184","-218,234","-142,663","-155,872","-64,251","-7,886","-22,812","-23,922","-1,912","-24,226","-44,272","-39,806","22,249","-15,534","-20,762","-11,472","512","7,498","-3,491","-15,852","-8,516","-16,401","-10,436","-20,938","-22,469","67,340","-11,596","-13,523","-32,686","-81,847","-40,103","-43,892","-13,468","-190,330","-17,857","-44,614","-39,062","-400,000","-1,000,000","-900,000","-1,100,000","-800,000","-700,000","-700,000","-1,200,000","-400,000","-300,000","0"
TaxRateForCalcs,"0","0","0","0","0","0","0","0","0","0","0","0","0","0","0","0","0","0","0.4","0","0","0","0","0","0","0","0","0","0","0","0","0","0","0","0","0","0","0","0","0","0","0","0","0","0","0","0","0","0","0","0","0","0","0","0","0","0","0","0.35","0.35","0.35","0.35","0.4","0.4","0.4","0.4","0.4","0.4","0.4","0.4","0.4","0.4","0.4","0.4","0.4","0.4","0.4","0.4","0.4","0.4","0","0.4","0.4","0.4","0.4","0.4","0.4","0.4","0.4","0.4","0.4","0.4","0.4","0.4","0.4","0.4","0.4","0.4","0.4","0.4","0.4"
TaxEffectOfUnusualItems,"0","0","0","0","0","0","0","0","0","0","0","0","0","0","0","0","0","0","0","0","0","0","0","0","0","0","0","0","0","0","0","0","0","0","0","0","0","0","0","0","0","0","0","0","0","0","0","0","0","0","0","0","0","0","0","0","0","0","0","0","0","0","0","0","0","0","0","0","0","0","0","0","2.4","0","0","0","0","0","0","0","0","0","0","0","0","0","-16","5.6","10.4","-2,550.8","0","0","0","0","0","40,000","40,000","40,000","40,000","0","0"