name,ttm,03/31/2022,12/31/2021,09/30/2021,06/30/2021,03/31/2021,12/31/2020,09/30/2020,06/30/2020,03/31/2020,12/31/2019,09/30/2019,06/30/2019,03/31/2019,12/31/2018,09/30/2018,06/30/2018,03/31/2018,12/31/2017,09/30/2017,06/30/2017,03/31/2017,12/31/2016,09/30/2016,06/30/2016,03/31/2016,12/31/2015,09/30/2015,06/30/2015,03/31/2015,12/31/2014,09/30/2014,06/30/2014,03/31/2014,12/31/2013,09/30/2013,06/30/2013,03/31/2013,12/31/2012,09/30/2012,06/30/2012,03/31/2012,09/30/2011,06/30/2011,03/31/2011,12/31/2010,09/30/2010,06/30/2010,12/31/2008,09/30/2008,06/30/2008,03/31/2008,12/31/2007,09/30/2007,06/30/2007,03/31/2007,12/31/2006,09/30/2006,06/30/2006,03/31/2006,12/31/2005,09/30/2005
TotalRevenue,"3,646,000,000","965,000,000","884,000,000","870,000,000","927,000,000","891,000,000","783,000,000","675,000,000","578,000,000","722,000,000","693,000,000","768,000,000","791,000,000","390,000,000","429,000,000","456,000,000","492,000,000","442,000,000","464,000,000","435,000,000","622,000,000","569,000,000","548,000,000","533,000,000","537,000,000","475,000,000","535,000,000","575,000,000","617,000,000","385,000,000","400,000,000","429,000,000","490,000,000","418,000,000","436,000,000","491,000,000","525,000,000","470,000,000","482,200,000","487,300,000","428,900,000","433,600,000","465,400,000","428,300,000","267,100,000","325,800,000","312,300,000","300,800,000","74,600,000","418,300,000","403,800,000","349,100,000","357,600,000","363,100,000","366,500,000","339,100,000","326,300,000","376,200,000","372,900,000","336,200,000","346,500,000","339,167,000"
	OperatingRevenue,"3,646,000,000","965,000,000","884,000,000","870,000,000","927,000,000","891,000,000","783,000,000","675,000,000","578,000,000","722,000,000","693,000,000","768,000,000","791,000,000","390,000,000","429,000,000","456,000,000","492,000,000","442,000,000","464,000,000","435,000,000","622,000,000","569,000,000","548,000,000","533,000,000","537,000,000","475,000,000","535,000,000","575,000,000","617,000,000","385,000,000","400,000,000","429,000,000","490,000,000","418,000,000","436,000,000","491,000,000","525,000,000","470,000,000","482,200,000","487,300,000","428,900,000","433,600,000","465,400,000","428,300,000","267,100,000","325,800,000","312,300,000","300,800,000","74,600,000","418,300,000","403,800,000","349,100,000","357,600,000","363,100,000","366,500,000","339,100,000","326,300,000","376,200,000","372,900,000","336,200,000","346,500,000","339,167,000"
CostOfRevenue,"2,725,000,000","733,000,000","666,000,000","626,000,000","700,000,000","685,000,000","605,000,000","536,000,000","449,000,000","547,000,000","545,000,000","635,000,000","691,000,000","307,000,000","311,000,000","335,000,000","348,000,000","327,000,000","339,000,000","329,000,000","498,000,000","479,000,000","458,000,000","453,000,000","480,000,000","455,000,000","513,000,000","536,000,000","593,000,000","350,000,000","346,000,000","361,000,000","430,000,000","393,000,000","382,000,000","437,000,000","475,000,000","438,000,000","519,800,000","465,800,000","306,100,000","276,300,000","322,400,000","309,900,000","229,800,000","265,000,000","249,600,000","246,700,000","7,000,000","399,200,000","403,600,000","323,600,000","339,800,000","332,000,000","337,100,000","301,300,000","292,700,000","334,100,000","341,900,000","276,000,000","296,200,000","282,533,000"
GrossProfit,"921,000,000","232,000,000","218,000,000","244,000,000","227,000,000","206,000,000","178,000,000","139,000,000","129,000,000","175,000,000","148,000,000","133,000,000","100,000,000","83,000,000","118,000,000","121,000,000","144,000,000","115,000,000","125,000,000","106,000,000","124,000,000","90,000,000","90,000,000","80,000,000","57,000,000","20,000,000","22,000,000","39,000,000","24,000,000","35,000,000","54,000,000","68,000,000","60,000,000","25,000,000","54,000,000","54,000,000","50,000,000","32,000,000","-37,600,000","21,500,000","122,800,000","157,300,000","143,000,000","118,400,000","37,300,000","60,800,000","62,700,000","54,100,000","67,600,000","19,100,000","200,000","25,500,000","17,800,000","31,100,000","29,400,000","37,800,000","33,600,000","42,100,000","31,000,000","60,200,000","50,300,000","56,634,000"
OperatingExpense,"315,000,000","78,000,000","84,000,000","76,000,000","77,000,000","81,000,000","84,000,000","89,000,000","80,000,000","94,000,000","95,000,000","82,000,000","103,000,000","67,000,000","50,000,000","62,000,000","79,000,000","76,000,000","65,000,000","55,000,000","69,000,000","74,000,000","59,000,000","54,000,000","50,000,000","47,000,000","46,000,000","55,000,000","72,000,000","44,000,000","54,000,000","47,000,000","45,000,000","46,000,000","50,000,000","45,000,000","41,000,000","51,000,000","32,800,000","59,600,000","102,300,000","44,300,000","53,800,000","37,900,000","19,500,000","16,000,000","16,100,000","15,500,000","54,100,000","22,900,000","27,700,000","27,600,000","26,200,000","27,300,000","29,400,000","35,600,000","29,400,000","28,100,000","25,500,000","15,200,000","29,400,000","34,300,000"
	SellingGeneralAndAdministration,"315,000,000","78,000,000","84,000,000","76,000,000","77,000,000","81,000,000","84,000,000","89,000,000","80,000,000","94,000,000","95,000,000","82,000,000","103,000,000","67,000,000","50,000,000","62,000,000","79,000,000","76,000,000","65,000,000","55,000,000","69,000,000","74,000,000","59,000,000","54,000,000","50,000,000","47,000,000","46,000,000","55,000,000","72,000,000","44,000,000","54,000,000","47,000,000","45,000,000","46,000,000","50,000,000","45,000,000","41,000,000","51,000,000","32,800,000","59,600,000","102,300,000","44,300,000","53,800,000","37,900,000","19,500,000","16,000,000","16,100,000","15,500,000","29,000,000","30,300,000","27,700,000","27,600,000","26,200,000","27,300,000","29,400,000","35,600,000","29,400,000","28,100,000","25,500,000","15,200,000","29,400,000","34,300,000"
		GeneralAndAdministrativeExpense,,,,,,,,,,,,,,,"50,000,000","62,000,000","79,000,000",,,,,,,,,,,,,,,,,,,,,,,,,,,,,,,,,,,,,,,,,,,,,
			OtherGandA,,,,,,,,,,,,,,,"50,000,000","62,000,000","79,000,000",,,,,,,,,,,,,,,,,,,,,,,,,,,,,,,,,,,,,,,,,,,,,
	OtherOperatingExpenses,,,,,,,,,,,,,"19,000,000",,,,,,,,,,,,,,,,,,,,,,,,,,,,,,,,,,,,,"-7,400,000",,,,,,,,,,,,
OperatingIncome,"606,000,000","154,000,000","134,000,000","168,000,000","150,000,000","125,000,000","94,000,000","50,000,000","49,000,000","81,000,000","53,000,000","51,000,000","-3,000,000","16,000,000","68,000,000","59,000,000","65,000,000","39,000,000","60,000,000","51,000,000","55,000,000","16,000,000","31,000,000","26,000,000","7,000,000","-27,000,000","-24,000,000","-16,000,000","-48,000,000","-9,000,000","0","21,000,000","15,000,000","-21,000,000","4,000,000","9,000,000","9,000,000","-19,000,000","-70,400,000","-38,100,000","20,500,000","113,000,000","89,200,000","80,500,000","17,800,000","44,800,000","46,600,000","38,600,000","13,500,000","-3,800,000","-27,500,000","-2,100,000","-8,400,000","3,800,000","0","2,200,000","4,200,000","14,000,000","5,500,000","45,000,000","20,900,000","22,334,000"
NetNonOperatingInterestIncomeExpense,"-131,000,000","-30,000,000","-31,000,000","-36,000,000","-34,000,000","-49,000,000","-47,000,000","-47,000,000","-45,000,000","-42,000,000","-45,000,000","-47,000,000","-51,000,000","-40,000,000","-39,000,000","-39,000,000","-41,000,000","-41,000,000","-43,000,000","-44,000,000","-45,000,000","-46,000,000","-45,000,000","-45,000,000","-46,000,000","-45,000,000","-43,000,000","-44,000,000","-50,000,000","-34,000,000","-29,000,000","-30,000,000","-33,000,000","-34,000,000","-28,000,000","-32,000,000","-35,000,000","-27,000,000","-26,900,000","-17,600,000","-12,800,000","-7,900,000","-8,000,000","-8,200,000","-5,300,000","-9,600,000","-14,800,000","-12,500,000","-14,400,000","-13,800,000",,,,,,,,,,,,
	InterestIncomeNonOperating,"8,000,000","2,000,000","3,000,000","1,000,000","2,000,000","1,000,000","2,000,000","1,000,000","2,000,000","3,000,000","2,000,000","4,000,000","3,000,000","9,000,000","10,000,000","8,000,000","7,000,000","8,000,000","5,000,000","3,000,000","1,000,000",,"1,000,000","1,000,000",,"1,000,000","2,000,000","1,000,000","2,000,000",,"3,000,000","4,000,000",,,,,,,,"500,000","200,000",,,,,,,,"600,000","100,000",,,,,,,,,,,,
	InterestExpenseNonOperating,"128,000,000","32,000,000","23,000,000","37,000,000","36,000,000","50,000,000","39,000,000","48,000,000","47,000,000","45,000,000","47,000,000","51,000,000","54,000,000","49,000,000","38,000,000","47,000,000","48,000,000","49,000,000","42,000,000","42,000,000","41,000,000","42,000,000","42,000,000","43,000,000","42,000,000","43,000,000","42,000,000","41,000,000","40,000,000","31,000,000","30,000,000","30,000,000","30,000,000","31,000,000","32,000,000","31,000,000","31,000,000","25,000,000","12,000,000","18,100,000","7,500,000","7,900,000","8,000,000","8,200,000","5,300,000","10,200,000","14,800,000","12,500,000","15,000,000","13,900,000",,,,,,,,,,,,
	TotalOtherFinanceCost,,,,,,,,,,,,,,,,,,,"6,000,000","5,000,000","5,000,000","4,000,000","4,000,000","3,000,000","4,000,000","3,000,000","3,000,000","4,000,000","12,000,000","3,000,000","2,000,000","4,000,000","3,000,000","3,000,000","4,000,000","1,000,000","4,000,000","2,000,000",,,"5,500,000",,,,,,,,,,,,,,,,,,,,,
OtherIncomeExpense,"-99,000,000","-90,000,000","1,000,000","9,000,000","-19,000,000","-44,000,000","5,000,000","6,000,000","2,000,000","8,000,000","-9,000,000","-4,000,000","-5,000,000","-4,000,000","6,000,000","1,000,000","-1,000,000","-34,000,000","-19,000,000","-19,000,000","-2,000,000","-6,000,000","-6,000,000","-16,000,000","1,000,000","-8,000,000","-8,000,000","17,000,000","-9,000,000","4,000,000","6,000,000","-40,000,000","-5,000,000","0","40,000,000","-10,000,000","26,000,000","2,000,000","8,100,000","-300,000","1,057,300,000","-1,400,000","8,700,000","2,900,000","1,000,000","-77,400,000","-58,200,000","-11,700,000","-68,200,000","-12,800,000","-4,600,000","11,400,000","600,000","-9,700,000","-800,000","1,500,000","21,200,000","200,000","5,300,000","4,400,000","-14,000,000","-400,000"
	GainOnSaleOfSecurity,,,,,,,,,,,,,,,,,,,,"9,000,000","-2,000,000",,"-4,000,000","-15,000,000","-3,000,000","-10,000,000","4,000,000","22,000,000","-6,000,000",,"2,000,000","5,000,000",,,,,,,"1,061,300,000","-1,600,000","1,058,600,000",,,,,,,,,,,,,,,,,,,,,
	EarningsFromEquityInterest,,,,,,,,,,,,,,,,,,,,,,,,,,,,,,,,,,,,,,,,,,,,,,,,,,,,,,"-100,000",,,,,,,,
	SpecialIncomeCharges,"-135,000,000","-86,000,000","-23,000,000","-3,000,000","-23,000,000","-34,000,000","11,000,000","-1,000,000","0","-2,000,000","-9,000,000","-3,000,000","-10,000,000","-2,000,000","3,000,000","-6,000,000","-30,000,000","-25,000,000","0","-28,000,000","0","0","-3,000,000","-1,000,000","4,000,000","2,000,000","-14,000,000","-5,000,000","-2,000,000","4,000,000","4,000,000","-45,000,000","-8,000,000","0","20,000,000","0","0","-4,000,000","8,800,000","1,300,000","-1,300,000","-1,400,000","8,700,000","2,900,000","1,000,000","-62,900,000","-58,200,000","-11,700,000","-60,400,000","-12,800,000","-4,600,000","11,400,000","2,500,000","-9,600,000","-800,000","1,500,000","27,200,000","200,000","5,300,000","4,400,000","-14,000,000","-400,000"
		RestructuringAndMergernAcquisition,,,"18,000,000","0","0","0","0","1,000,000","0","2,000,000","9,000,000","3,000,000","10,000,000",,"0","0",,"0","0","0","0","0","-1,000,000","1,000,000","-1,000,000","2,000,000","14,000,000","5,000,000","2,000,000",,"5,000,000","10,000,000",,,,,,,,,,,,,,,,,"5,400,000","0","4,200,000",,"300,000","9,600,000",,,,,,,,
		ImpairmentOfCapitalAssets,,,,,,,,,,,,,,,,"6,000,000",,,,,,,,,,,,,,,,,,,"0","0","0",,,,,,,,,,,,"11,400,000","0",,,,,,,,,,,,
		WriteOff,,,,,,,,,,,"0","0","0","0","0","6,000,000",,"25,000,000",,,,,,,,,,,,,,,,,,,,,,,,,,,,,,,,,,,,,,,,,,,,
		OtherSpecialCharges,"117,000,000","86,000,000","5,000,000","3,000,000","23,000,000","34,000,000","2,000,000",,,,"0",,,"2,000,000","-3,000,000",,"30,000,000",,"0","28,000,000","1,000,000","6,000,000","1,000,000","14,000,000","0","-4,000,000","-6,000,000","-23,000,000","5,000,000",,"-9,000,000",,"8,000,000",,,,"-26,000,000","4,000,000",,,,,"-8,700,000","-2,700,000",,"68,200,000","58,200,000","11,700,000","68,800,000","12,800,000","400,000",,"-2,800,000","0",,,,,,,,
		GainOnSaleOfBusiness,,,,,,,,,,,,,,,,,,,,,,,,,,,"0","0",,,"0","-35,000,000",,,,,,,,,,,,"200,000",,,,"0",,,,,,,,,,,,,,
		GainOnSaleOfPPE,,,,,,,,,,,,,,,,,,,,,,,,,"3,000,000",,,,,,,,,,,,,,,,,,,,,,,,,,,,,,,,,,,,,
	OtherNonOperatingIncomeExpenses,"20,000,000","-4,000,000","8,000,000","12,000,000","4,000,000","-10,000,000","-10,000,000","7,000,000","2,000,000","10,000,000","-5,000,000","-1,000,000","5,000,000","-2,000,000","-26,000,000","7,000,000","29,000,000","-9,000,000","-14,000,000",,"-1,000,000","-6,000,000","-6,000,000","-14,000,000",,"-9,000,000","6,000,000","23,000,000","-1,000,000","4,000,000","15,000,000","9,000,000","3,000,000",,"-19,000,000","-10,000,000","26,000,000","6,000,000",,,,,,,,,,,,,,,,,,,,,,,,
PretaxIncome,"376,000,000","34,000,000","104,000,000","141,000,000","97,000,000","32,000,000","52,000,000","9,000,000","6,000,000","47,000,000","-1,000,000","0","-59,000,000","-28,000,000","35,000,000","21,000,000","23,000,000","-36,000,000","-2,000,000","-12,000,000","8,000,000","-36,000,000","-20,000,000","-35,000,000","-38,000,000","-80,000,000","-77,000,000","-43,000,000","-107,000,000","-39,000,000","-22,000,000","-49,000,000","-23,000,000","-55,000,000","16,000,000","-33,000,000","0","-44,000,000","-89,200,000","-56,000,000","1,065,000,000","103,700,000","89,900,000","75,200,000","13,500,000","-42,200,000","-26,400,000","14,400,000","-69,100,000","-30,400,000","-44,800,000","-3,000,000","-22,100,000","-18,200,000","-13,200,000","-8,600,000","10,100,000","2,100,000","-1,500,000","37,400,000","13,600,000","18,300,000"
TaxProvision,"83,000,000","18,000,000","17,000,000","28,000,000","20,000,000","6,000,000","-5,000,000","-893,000,000","10,000,000","7,000,000","4,000,000","12,000,000","-4,000,000","2,000,000","29,000,000","6,000,000","-27,000,000","5,000,000","-4,000,000","13,000,000","3,000,000","2,000,000","-144,000,000","7,000,000","10,000,000","12,000,000","12,000,000","11,000,000","11,000,000","7,000,000","253,000,000","41,000,000","-25,000,000","-1,000,000","19,000,000","8,000,000","1,000,000","1,000,000","2,500,000","-38,000,000","-106,900,000","17,400,000","-9,000,000","9,000,000","3,300,000","-1,000,000","-1,100,000","3,200,000","5,200,000","9,500,000","-14,900,000","-1,600,000","35,300,000","500,000","6,800,000","400,000","2,300,000","2,800,000","4,200,000","13,800,000","1,300,000","6,833,000"
NetIncomeCommonStockholders,"283,000,000","16,000,000","83,000,000","111,000,000","73,000,000","19,000,000","45,000,000","896,000,000","-4,000,000","32,000,000","0","-13,000,000","-62,000,000","-34,000,000","-5,000,000","6,000,000","36,000,000","-44,000,000","0","-247,000,000","3,000,000","-41,000,000","122,000,000","-40,000,000","-50,000,000","-91,000,000","-90,000,000","-60,000,000","-119,000,000","-49,000,000","-276,000,000","-93,000,000","0","-58,000,000","-7,000,000","-49,000,000","-13,000,000","-57,000,000","-100,500,000","-16,700,000","1,171,400,000","86,300,000","98,900,000","66,200,000","10,200,000","-39,500,000","-25,500,000","11,800,000","-262,400,000","-37,900,000","-34,400,000","-200,000","-56,700,000","-19,100,000","-21,200,000","-9,400,000","7,600,000","-14,000,000","-14,400,000","20,600,000","6,200,000","4,200,000"
	NetIncome,"283,000,000","16,000,000","83,000,000","111,000,000","73,000,000","19,000,000","45,000,000","896,000,000","-4,000,000","32,000,000","0","-13,000,000","-62,000,000","-34,000,000","-5,000,000","6,000,000","36,000,000","-44,000,000","0","-247,000,000","3,000,000","-41,000,000","122,000,000","-40,000,000","-50,000,000","-91,000,000","-90,000,000","-60,000,000","-119,000,000","-49,000,000","-276,000,000","-93,000,000","0","-58,000,000","-7,000,000","-49,000,000","-13,000,000","-57,000,000","-91,500,000","-16,700,000","1,171,400,000","86,300,000","98,900,000","66,200,000","10,200,000","-39,500,000","-25,500,000","11,800,000","-262,400,000","-37,900,000","-34,400,000","-200,000","-56,700,000","-19,100,000","-21,200,000","-9,400,000","7,600,000","-14,000,000","-14,400,000","20,600,000","6,200,000","4,200,000"
		NetIncomeIncludingNoncontrollingInterests,"293,000,000","16,000,000","87,000,000","113,000,000","77,000,000","26,000,000","57,000,000","902,000,000","-4,000,000","40,000,000","-5,000,000","-6,000,000","-56,000,000","-30,000,000","6,000,000","15,000,000","50,000,000","-41,000,000","2,000,000","-241,000,000","5,000,000","-38,000,000","124,000,000","-42,000,000","-48,000,000","-92,000,000","-89,000,000","-54,000,000","-118,000,000","-46,000,000","-275,000,000","-90,000,000","2,000,000","-54,000,000","-3,000,000","-41,000,000","-1,000,000","-45,000,000","-91,700,000","-18,000,000","1,171,900,000","86,300,000","98,900,000","66,200,000","10,200,000","-39,500,000","-25,500,000","11,800,000","-262,400,000","-37,900,000","-34,400,000","-200,000","-56,700,000","-19,100,000","-21,200,000","-9,400,000","7,600,000","-14,000,000","-14,400,000","20,600,000","6,200,000","4,200,000"
			NetIncomeContinuousOperations,"293,000,000","16,000,000","87,000,000","113,000,000","77,000,000","26,000,000","57,000,000","902,000,000","-4,000,000","40,000,000","-5,000,000","-12,000,000","-55,000,000","-30,000,000","6,000,000","15,000,000","50,000,000","-41,000,000","2,000,000","-25,000,000","5,000,000","-38,000,000","124,000,000","-42,000,000","-48,000,000","-92,000,000","-89,000,000","-54,000,000","-118,000,000","-46,000,000","-275,000,000","-90,000,000","2,000,000","-54,000,000","-3,000,000","-41,000,000","-1,000,000","-45,000,000","-91,700,000","-18,000,000","1,171,900,000","86,300,000","98,900,000","66,200,000","10,200,000","-41,200,000","-25,300,000","11,200,000","-74,300,000","-39,900,000","-29,900,000","-1,400,000","-57,400,000","-18,700,000","-20,000,000","-9,000,000","7,800,000","-700,000","-5,700,000","23,600,000","12,000,000","11,467,000"
			NetIncomeDiscontinuousOperations,,,,,,,"0","0","0",,"0","6,000,000",,,"0","0","0","0","0","-216,000,000",,,,,,,,,,,,,,,,,,,"0","0","0","0","0","0","0","1,700,000","-200,000","600,000","-188,100,000","2,000,000","-4,500,000","1,200,000","700,000","-400,000","-1,200,000","-400,000","-200,000","-13,300,000","-8,700,000","-3,000,000","-5,800,000","-7,267,000"
		MinorityInterests,"-10,000,000","0","-4,000,000","-2,000,000","-4,000,000","-7,000,000","-12,000,000","-6,000,000","0","-8,000,000","5,000,000","-7,000,000","-6,000,000","-4,000,000","-11,000,000","-9,000,000","-14,000,000","-3,000,000","-2,000,000","-6,000,000","-2,000,000","-3,000,000","-2,000,000","2,000,000","-2,000,000","1,000,000","-1,000,000","-6,000,000","-1,000,000","-3,000,000","-1,000,000","-3,000,000","-2,000,000","-4,000,000","-4,000,000","-8,000,000","-12,000,000","-12,000,000","200,000","1,300,000","-500,000",,,,,,,,,,,,,,,,,,,,,
DilutedNIAvailtoComStockholders,"283,000,000","16,000,000","83,000,000","111,000,000","73,000,000","19,000,000","45,000,000","896,000,000","-4,000,000","32,000,000","0","-13,000,000","-62,000,000","-34,000,000","-5,000,000","6,000,000","36,000,000","-44,000,000","0","-247,000,000","3,000,000","-41,000,000","122,000,000","-40,000,000","-50,000,000","-91,000,000","-90,000,000","-60,000,000","-119,000,000","-49,000,000","-276,000,000","-93,000,000","0","-58,000,000","-7,000,000","-49,000,000","-13,000,000","-57,000,000","-100,500,000","-16,700,000","1,171,400,000","86,300,000","98,900,000","66,200,000","10,200,000","-39,500,000","-25,500,000","11,800,000","-262,400,000","-37,900,000","-34,400,000","-200,000","-56,700,000","-19,100,000","-21,200,000","-9,400,000","7,600,000","-14,000,000","-14,400,000","20,600,000","6,200,000","4,200,000"
BasicEPS,,"0.1","0.54","0.72","0.47","0.13","0.31","6.24","-0.03","0.23","0","-0.09","-0.41","-0.27","-0.05","0.05","0.3","-0.36","0","-2.07","0.02","-0.35","1.04","-0.35","-0.42","-0.78","-0.78","-0.52","-1.03","-0.42","-2.4","-0.82","0","-0.51","-0.06","-0.43","-0.11","-0.5",,"-0.14","13.8","1.144","1.32","0.884","0.136",,"-0.124","0.058",,"-0.184","-0.168","0",,"-0.094","-0.104","-0.046",,"-0.07","-0.072","0.102",,"0.037"
DilutedEPS,,"0.1","0.52","0.7","0.46","0.12","0.31","6.18","-0.03","0.22","0","-0.09","-0.41","-0.27","-0.05","0.05","0.29","-0.36","0","-2.07","0.02","-0.35","1","-0.35","-0.42","-0.78","-0.78","-0.52","-1.03","-0.42","-2.4","-0.82","0","-0.51","-0.06","-0.43","-0.11","-0.5",,"-0.14","13.67","1.096","1.25","0.836","0.13",,"-0.124","0.058",,"-0.184","-0.168","0",,"-0.094","-0.104","-0.046",,"-0.07","-0.072","0.1",,"0.037"
BasicAverageShares,,"154,629,000","153,935,000","153,762,000","153,557,000","147,071,000","143,621,000","143,579,000","143,465,000","142,736,000","141,923,000","142,278,000","150,686,000","124,296,000","123,079,000","123,121,000","123,063,000","122,327,000","120,939,000","119,405,000","119,188,000","116,815,000","116,319,000","116,219,000","116,184,000","115,920,000","115,673,000","115,642,000","115,569,000","115,374,000","115,036,000","114,530,000","113,962,000","113,577,000","113,497,000","113,459,000","113,390,000","113,317,000",,"122,352,000","84,528,000","75,390,000","74,910,000","74,815,000","74,620,000",,"206,175,000","206,175,000",,"205,000,000","205,000,000","204,500,000",,"203,500,000","203,500,000","203,000,000",,"201,870,000","201,850,000","201,845,000",,"114,500,000"
DilutedAverageShares,,"159,577,000","159,837,000","159,020,000","158,959,000","153,928,000","147,254,000","145,067,000","143,465,000","143,596,000","141,923,000","142,278,000","150,686,000","124,296,000","123,079,000","126,302,000","126,716,000","122,327,000","120,939,000","119,405,000","124,301,000","116,815,000","120,881,000","116,219,000","116,184,000","115,920,000","115,673,000","115,642,000","115,569,000","115,374,000","115,036,000","114,530,000","113,962,000","113,577,000","113,497,000","113,459,000","113,390,000","113,317,000",,"122,352,000","85,286,000","78,665,000","79,175,000","79,205,000","78,965,000",,"206,175,000","206,925,000",,"205,000,000","205,000,000","204,500,000",,"203,500,000","203,500,000","203,000,000",,"201,870,000","201,850,000","204,585,000",,"114,500,000"
TotalOperatingIncomeAsReported,"521,000,000","69,000,000","134,000,000","168,000,000","150,000,000","125,000,000","94,000,000","49,000,000","49,000,000","79,000,000","44,000,000","48,000,000","-13,000,000","16,000,000","68,000,000","53,000,000","65,000,000","14,000,000","60,000,000","51,000,000","55,000,000","16,000,000","32,000,000","25,000,000","8,000,000","-29,000,000","-38,000,000","-21,000,000","-50,000,000","-9,000,000","-5,000,000","11,000,000","15,000,000","-21,000,000","4,000,000","9,000,000","9,000,000","-19,000,000","-70,400,000","-38,100,000","20,500,000","113,000,000","99,200,000","84,800,000","17,800,000","52,500,000","46,600,000","38,200,000","-50,500,000","-3,800,000","-31,700,000","-2,100,000","-8,700,000","-5,800,000",,"2,200,000","11,300,000","14,000,000","5,500,000","45,000,000","20,900,000","22,333,000"
TotalExpenses,"3,040,000,000","811,000,000","750,000,000","702,000,000","777,000,000","766,000,000","689,000,000","625,000,000","529,000,000","641,000,000","640,000,000","717,000,000","794,000,000","374,000,000","361,000,000","397,000,000","427,000,000","403,000,000","404,000,000","384,000,000","567,000,000","553,000,000","517,000,000","507,000,000","530,000,000","502,000,000","559,000,000","591,000,000","665,000,000","394,000,000","400,000,000","408,000,000","475,000,000","439,000,000","432,000,000","482,000,000","516,000,000","489,000,000","552,600,000","525,400,000","408,400,000","320,600,000","376,200,000","347,800,000","249,300,000","281,000,000","265,700,000","262,200,000","61,100,000","422,100,000","431,300,000","351,200,000","366,000,000","359,300,000","366,500,000","336,900,000","322,100,000","362,200,000","367,400,000","291,200,000","325,600,000","316,833,000"
NetIncomeFromContinuingAndDiscontinuedOperation,"283,000,000","16,000,000","83,000,000","111,000,000","73,000,000","19,000,000","45,000,000","896,000,000","-4,000,000","32,000,000","0","-13,000,000","-62,000,000","-34,000,000","-5,000,000","6,000,000","36,000,000","-44,000,000","0","-247,000,000","3,000,000","-41,000,000","122,000,000","-40,000,000","-50,000,000","-91,000,000","-90,000,000","-60,000,000","-119,000,000","-49,000,000","-276,000,000","-93,000,000","0","-58,000,000","-7,000,000","-49,000,000","-13,000,000","-57,000,000","-91,500,000","-16,700,000","1,171,400,000","86,300,000","98,900,000","66,200,000","10,200,000","-39,500,000","-25,500,000","11,800,000","-262,400,000","-37,900,000","-34,400,000","-200,000","-56,700,000","-19,100,000","-21,200,000","-9,400,000","7,600,000","-14,000,000","-14,400,000","20,600,000","6,200,000","4,200,000"
NormalizedIncome,"375,731,382.979","67,600,000","88,855,769.231","113,400,000","91,170,000","46,540,000","34,050,000","896,730,000","-4,000,000","33,700,000","2,920,000","-16,000,000","-52,700,000","-32,540,000","-28,360,000","10,260,000","57,900,000","-25,750,000","12,000,000","-19,600,000","4,240,000","-41,000,000","126,200,000","-30,400,000","-50,600,000","-86,200,000","-84,000,000","-70,200,000","-114,200,000","-49,000,000","-279,900,000","-67,000,000","5,200,000","-58,000,000","-45,350,000","-49,000,000","-13,000,000","-54,400,000","-101,315,000","-16,505,000","484,155,000","87,465,091.61","93,245,000","63,647,074.468","9,444,444.444","32,413,270.142","30,475,000","20,300,000","-30,620,000","-31,580,000","-26,829,910.714","-8,810,000","-59,025,000","-12,460,000","-19,480,000","-9,975,000","-13,205,940.594","-820,000","-8,880,000","20,823,529.412","24,661,764.706","11,717,644.809"
InterestIncome,"8,000,000","2,000,000","3,000,000","1,000,000","2,000,000","1,000,000","2,000,000","1,000,000","2,000,000","3,000,000","2,000,000","4,000,000","3,000,000","9,000,000","10,000,000","8,000,000","7,000,000","8,000,000","5,000,000","3,000,000","1,000,000",,"1,000,000","1,000,000",,"1,000,000","2,000,000","1,000,000","2,000,000",,"3,000,000","4,000,000",,,,,,,,"500,000","200,000",,,,,,,,"600,000","100,000",,,,"400,000",,,,"500,000",,,,
InterestExpense,"128,000,000","32,000,000","23,000,000","37,000,000","36,000,000","50,000,000","39,000,000","48,000,000","47,000,000","45,000,000","47,000,000","51,000,000","54,000,000","49,000,000","38,000,000","47,000,000","48,000,000","49,000,000","42,000,000","42,000,000","41,000,000","42,000,000","42,000,000","43,000,000","42,000,000","43,000,000","42,000,000","41,000,000","40,000,000","31,000,000","30,000,000","30,000,000","30,000,000","31,000,000","32,000,000","31,000,000","31,000,000","25,000,000","12,000,000","18,100,000","7,500,000","7,900,000","8,000,000","8,200,000","5,300,000","10,200,000","14,800,000","12,500,000","15,000,000","13,900,000","12,700,000","12,300,000","12,600,000","12,800,000","12,400,000",,"13,500,000","12,600,000","12,300,000","12,000,000","-6,400,000",
NetInterestIncome,"-131,000,000","-30,000,000","-31,000,000","-36,000,000","-34,000,000","-49,000,000","-47,000,000","-47,000,000","-45,000,000","-42,000,000","-45,000,000","-47,000,000","-51,000,000","-40,000,000","-39,000,000","-39,000,000","-41,000,000","-41,000,000","-43,000,000","-44,000,000","-45,000,000","-46,000,000","-45,000,000","-45,000,000","-46,000,000","-45,000,000","-43,000,000","-44,000,000","-50,000,000","-34,000,000","-29,000,000","-30,000,000","-33,000,000","-34,000,000","-28,000,000","-32,000,000","-35,000,000","-27,000,000","-26,900,000","-17,600,000","-12,800,000","-7,900,000","-8,000,000","-8,200,000","-5,300,000","-9,600,000","-14,800,000","-12,500,000","-14,400,000","-13,800,000","-12,700,000","-12,300,000","-14,300,000","-12,400,000","-12,400,000",,"-15,300,000","-12,100,000","-12,300,000","-12,000,000","6,400,000",
EBIT,"504,000,000","66,000,000","127,000,000","178,000,000","133,000,000","82,000,000","91,000,000","57,000,000","53,000,000","92,000,000","46,000,000","51,000,000","-5,000,000","21,000,000","73,000,000","68,000,000","71,000,000","13,000,000","40,000,000","30,000,000","49,000,000","6,000,000","22,000,000","8,000,000","4,000,000","-37,000,000","-35,000,000","-2,000,000","-67,000,000","-8,000,000","8,000,000","-19,000,000","7,000,000","-24,000,000","48,000,000","-2,000,000","31,000,000","-19,000,000","-77,200,000","-37,900,000","1,072,500,000","111,600,000","97,900,000","83,400,000","18,800,000","-32,000,000","-11,600,000","26,900,000","-54,100,000","-16,500,000","-27,500,000","-2,100,000","-8,400,000","3,800,000","0","2,200,000","4,200,000","14,000,000","5,500,000","45,000,000","20,900,000","22,334,000"
EBITDA,"785,000,000"
ReconciledCostOfRevenue,"2,725,000,000","733,000,000","666,000,000","626,000,000","700,000,000","685,000,000","605,000,000","536,000,000","449,000,000","547,000,000","545,000,000","635,000,000","691,000,000","307,000,000","311,000,000","335,000,000","348,000,000","327,000,000","339,000,000","329,000,000","498,000,000","479,000,000","458,000,000","453,000,000","480,000,000","455,000,000","513,000,000","536,000,000","593,000,000","350,000,000","346,000,000","361,000,000","430,000,000","393,000,000","382,000,000","437,000,000","475,000,000","438,000,000","519,800,000","465,800,000","306,100,000","276,300,000","322,400,000","309,900,000","229,800,000","265,000,000","249,600,000","246,700,000","7,000,000","399,200,000","403,600,000","323,600,000","339,800,000","332,000,000","337,100,000","301,300,000","292,700,000","334,100,000","341,900,000","276,000,000","296,200,000","282,533,000"
ReconciledDepreciation,"281,000,000","68,000,000","70,000,000","72,000,000","71,000,000","84,000,000","85,000,000","76,000,000","72,000,000","71,000,000","75,000,000","74,000,000","84,000,000","47,000,000","50,000,000","48,000,000","49,000,000","48,000,000","46,000,000","13,000,000","62,000,000","61,000,000","61,000,000","60,000,000","60,000,000","55,000,000","72,000,000","82,000,000","75,000,000","65,000,000","70,000,000","68,000,000","84,000,000","73,000,000","95,000,000","92,000,000","73,000,000","73,000,000","90,800,000","67,300,000","30,800,000","22,100,000",,,"13,100,000",,,,"-10,700,000","28,900,000","29,000,000","28,500,000","29,500,000","27,000,000","27,900,000","27,900,000","28,600,000","25,100,000","24,800,000","24,500,000","25,000,000",
NetIncomeFromContinuingOperationNetMinorityInterest,"283,000,000","16,000,000","83,000,000","111,000,000","73,000,000","19,000,000","45,000,000","896,000,000","-4,000,000","32,000,000","0","-19,000,000","-62,000,000","-34,000,000","-5,000,000","6,000,000","36,000,000","-44,000,000","0","-31,000,000","3,000,000","-41,000,000","122,000,000","-40,000,000","-50,000,000","-91,000,000","-90,000,000","-60,000,000","-119,000,000","-49,000,000","-276,000,000","-93,000,000","0","-58,000,000","-7,000,000","-49,000,000","-13,000,000","-57,000,000","-91,500,000","-16,700,000","1,171,400,000","86,300,000","98,900,000","66,200,000","10,200,000","-41,200,000","-25,300,000","11,200,000","-74,300,000","-39,900,000","-29,900,000","-1,400,000","-57,400,000","-18,700,000","-20,000,000","-9,000,000","7,800,000","-700,000","-5,700,000","23,600,000","12,000,000","11,467,000"
TotalUnusualItemsExcludingGoodwill,"-119,000,000","-86,000,000","-7,000,000","-3,000,000","-23,000,000","-34,000,000","15,000,000","-1,000,000","0","-2,000,000","-4,000,000","-3,000,000","-10,000,000","-2,000,000","32,000,000","-6,000,000","-30,000,000","-25,000,000","-20,000,000","-19,000,000","-2,000,000","0","-7,000,000","-16,000,000","1,000,000","-8,000,000","-10,000,000","17,000,000","-8,000,000","4,000,000","6,000,000","-40,000,000","-8,000,000","0","59,000,000","0","0","-4,000,000","15,100,000","-300,000","1,057,300,000","-1,400,000","8,700,000","2,900,000","1,000,000","-75,400,000","-58,200,000","-11,700,000","-67,200,000","-12,800,000","-4,600,000","11,400,000","2,500,000","-9,600,000","-800,000","1,500,000","27,200,000","200,000","5,300,000","4,400,000","-14,000,000","-400,000"
TotalUnusualItems,"-119,000,000","-86,000,000","-7,000,000","-3,000,000","-23,000,000","-34,000,000","15,000,000","-1,000,000","0","-2,000,000","-4,000,000","-3,000,000","-10,000,000","-2,000,000","32,000,000","-6,000,000","-30,000,000","-25,000,000","-20,000,000","-19,000,000","-2,000,000","0","-7,000,000","-16,000,000","1,000,000","-8,000,000","-10,000,000","17,000,000","-8,000,000","4,000,000","6,000,000","-40,000,000","-8,000,000","0","59,000,000","0","0","-4,000,000","15,100,000","-300,000","1,057,300,000","-1,400,000","8,700,000","2,900,000","1,000,000","-75,400,000","-58,200,000","-11,700,000","-67,200,000","-12,800,000","-4,600,000","11,400,000","2,500,000","-9,600,000","-800,000","1,500,000","27,200,000","200,000","5,300,000","4,400,000","-14,000,000","-400,000"
NormalizedEBITDA,"904,000,000","220,000,000","204,000,000","253,000,000","227,000,000","200,000,000","161,000,000","134,000,000","125,000,000","165,000,000","125,000,000","128,000,000","89,000,000","70,000,000","91,000,000","122,000,000","150,000,000","86,000,000","106,000,000","62,000,000","113,000,000","67,000,000","90,000,000","84,000,000","63,000,000","26,000,000","47,000,000","63,000,000","16,000,000","57,000,000","72,000,000","89,000,000","99,000,000","49,000,000","84,000,000","90,000,000","104,000,000","58,000,000","-1,500,000","29,700,000","46,000,000","135,100,000","89,200,000","80,500,000","30,900,000","43,400,000","46,600,000","38,600,000","13,100,000","25,200,000","6,100,000","15,000,000","18,600,000","40,400,000","28,700,000","28,600,000","5,600,000","38,900,000","25,000,000","65,100,000","59,900,000","22,734,000"
TaxRateForCalcs,"0.221","0.4","0.163","0.2","0.21","0.19","0.27","0.27","0.27","0.15","0.27","0","0.07","0.27","0.27","0.29","0.27","0.27","0.4","0.4","0.38","0.4","0.4","0.4","0.4","0.4","0.4","0.4","0.4","0.4","0.35","0.35","0.35","0.02","0.35","0.35","0","0.35","0.35","0.35","0.35","0.168","0.35","0.12","0.244","0.024","0.042","0.222","0.35","0.35","0.333","0.35","0.35","0.35","0.35","0.35","0.228","0.4","0.4","0.369","0.096","0.373"
TaxEffectOfUnusualItems,"-26,268,617.021","-34,400,000","-1,144,230.769","-600,000","-4,830,000","-6,460,000","4,050,000","-270,000","0","-300,000","-1,080,000","0","-700,000","-540,000","8,640,000","-1,740,000","-8,100,000","-6,750,000","-8,000,000","-7,600,000","-760,000","0","-2,800,000","-6,400,000","400,000","-3,200,000","-4,000,000","6,800,000","-3,200,000","0","2,100,000","-14,000,000","-2,800,000","0","20,650,000","0","0","-1,400,000","5,285,000","-105,000","370,055,000","-234,908.39","3,045,000","347,074.468","244,444.444","-1,786,729.858","-2,425,000","-2,600,000","-23,520,000","-4,480,000","-1,529,910.714","3,990,000","875,000","-3,360,000","-280,000","525,000","6,194,059.406","80,000","2,120,000","1,623,529.412","-1,338,235.294","-149,355.191"