name,ttm,03/31/2022,12/31/2021,09/30/2021,06/30/2021,03/31/2021,12/31/2020,09/30/2020,06/30/2020,03/31/2020,12/31/2019,09/30/2019,06/30/2019,03/31/2019,12/31/2018,09/30/2018,06/30/2018,03/31/2018,12/31/2017,09/30/2017,06/30/2017,03/31/2017,12/31/2016,09/30/2016,06/30/2016,03/31/2016,12/31/2015,09/30/2015,06/30/2015,03/31/2015,12/31/2014,09/30/2014,06/30/2014,03/31/2014,12/31/2013,09/30/2013,06/30/2013,03/31/2013,12/31/2012,09/30/2012,06/30/2012,03/31/2012,12/31/2011,09/30/2011,06/30/2011,03/31/2011,12/31/2010,09/30/2010,06/30/2010,03/31/2010,12/31/2009,09/30/2009,06/30/2009,03/31/2009,12/31/2008,09/30/2008,06/30/2008,03/31/2008,12/31/2007,09/30/2007,06/30/2007,03/31/2007,12/31/2006,09/30/2006,06/30/2006,03/31/2006,12/31/2005,09/30/2005,06/30/2005,03/31/2005,12/31/2004,09/30/2004,06/30/2004,03/31/2004,12/31/2003,09/30/2003,06/30/2003,03/31/2003,12/31/2002,09/30/2002,06/30/2002,03/31/2002,12/31/2001,09/30/2001,06/30/2001,03/31/2001,12/31/2000,09/30/2000,06/30/2000,03/31/2000,12/31/1999,09/30/1999,06/30/1999,03/31/1999,12/31/1998,09/30/1998,06/30/1998,03/31/1998,12/31/1997,09/30/1997,06/30/1997,03/31/1997,12/31/1996,09/30/1996,06/30/1996,03/31/1996,12/31/1995,09/30/1995,06/30/1995,03/31/1995,12/31/1994,09/30/1994,06/30/1994,03/31/1994,12/31/1993,09/30/1993,06/30/1993,03/31/1993,12/31/1992,09/30/1992,06/30/1992,03/31/1992,12/31/1991,09/30/1991
TotalRevenue,"1,268,000,000","315,500,000","314,800,000","326,800,000","310,900,000","303,400,000","299,900,000","284,700,000","266,600,000","256,200,000","313,700,000","299,800,000","289,700,000","265,200,000","306,900,000","268,500,000","264,000,000","219,400,000","201,800,000","195,200,000","198,100,000","196,000,000","206,500,000","210,800,000","224,100,000","220,400,000","232,100,000","229,700,000","427,700,000","410,700,000","437,100,000","433,600,000","448,600,000","418,000,000","447,600,000","429,000,000","421,300,000","405,300,000","429,400,000","420,900,000","439,300,000","409,200,000","412,800,000","420,800,000","471,800,000","454,000,000","473,500,000","405,200,000","390,900,000","332,300,000","342,900,000","297,800,000","276,100,000","280,600,000","357,000,000","380,700,000","390,300,000","383,900,000","399,200,000","356,700,000","350,700,000","361,700,000","366,300,000","318,100,000","318,200,000","315,000,000","312,900,000","258,300,000","170,900,000","166,300,000","180,500,000","194,500,000","174,500,000","161,400,000","152,600,000","147,400,000","160,600,000","165,700,000","156,600,000","193,000,000","221,700,000","261,800,000","286,100,000","328,600,000","601,100,000","920,100,000","925,100,000","786,500,000","524,000,000","394,600,000","281,700,000","230,100,000","87,100,000","74,500,000","63,800,000","54,200,000","48,900,000","45,500,000","42,900,000","38,500,000","33,900,000","26,900,000","22,700,000","23,500,000","21,800,000","18,900,000","15,700,000","12,800,000","12,200,000","11,100,000","9,900,000","9,100,000","8,600,000","7,900,000","8,600,000","7,800,000","6,900,000","6,800,000","6,800,000","6,800,000","6,600,000","6,600,000","6,600,000","6,600,000"
	OperatingRevenue,"1,268,000,000","315,500,000","314,800,000","326,800,000","310,900,000","303,400,000","299,900,000","284,700,000","266,600,000","256,200,000","313,700,000","299,800,000","289,700,000","265,200,000","306,900,000","268,500,000","264,000,000","219,400,000","201,800,000","195,200,000","198,100,000","196,000,000","206,500,000","210,800,000","224,100,000","220,400,000","232,100,000","229,700,000","427,700,000","410,700,000","437,100,000","433,600,000","448,600,000","418,000,000","447,600,000","429,000,000","421,300,000","405,300,000","429,400,000","420,900,000","439,300,000","409,200,000","412,800,000","420,800,000","471,800,000","454,000,000","473,500,000","405,200,000","390,900,000","332,300,000","342,900,000","297,800,000","276,100,000","280,600,000","357,000,000","380,700,000","390,300,000","383,900,000","399,200,000","356,700,000","350,700,000","361,700,000","366,300,000","318,100,000","318,200,000","314,900,000","312,900,000","258,300,000","170,900,000","166,300,000","180,500,000","194,500,000","174,500,000","161,400,000","152,600,000","147,400,000","160,600,000","165,700,000","156,600,000","193,000,000","221,700,000","261,800,000","286,100,000","328,600,000","601,100,000","920,100,000","925,100,000","786,500,000","524,000,000","394,600,000","281,700,000","230,100,000","87,100,000","74,500,000","63,800,000","54,200,000","48,900,000","45,500,000","42,900,000","38,500,000","33,900,000","26,900,000","22,700,000","23,500,000","21,800,000","18,900,000","15,700,000","12,800,000","12,200,000","11,100,000","9,900,000","9,100,000","8,600,000","7,900,000","8,600,000","7,800,000","6,900,000","6,800,000","6,800,000","6,800,000","6,600,000","6,600,000","6,600,000","6,600,000"
CostOfRevenue,"512,700,000","128,600,000","124,300,000","131,800,000","128,000,000","121,400,000","119,800,000","115,300,000","112,000,000","109,400,000","124,200,000","125,400,000","120,200,000","111,700,000","128,900,000","118,100,000","127,800,000","95,700,000","85,700,000","79,000,000","78,900,000","79,000,000","81,800,000","85,700,000","88,000,000","89,100,000","90,300,000","89,200,000","233,100,000","226,400,000","236,600,000","234,300,000","239,100,000","233,300,000","242,700,000","243,800,000","243,600,000","250,000,000","240,400,000","248,300,000","256,600,000","239,500,000","237,800,000","238,200,000","267,700,000","254,300,000","259,700,000","231,900,000","217,500,000","188,100,000","204,700,000","180,700,000","161,900,000","165,600,000","220,300,000","230,000,000","249,700,000","238,300,000","227,800,000","223,000,000","238,800,000","236,700,000","229,200,000","220,100,000","249,000,000","199,400,000","208,700,000","206,700,000","142,800,000","141,500,000","150,700,000","151,600,000","135,200,000","121,000,000","118,300,000","115,600,000","121,600,000","142,900,000","162,700,000","185,000,000","252,100,000","240,100,000","335,600,000","343,300,000","1,040,700,000","449,300,000","411,800,000","404,800,000","264,600,000","183,500,000","131,700,000","117,900,000","35,200,000","28,300,000","29,400,000","21,300,000","23,700,000","20,100,000","20,600,000","18,600,000","17,100,000","13,300,000","11,200,000","11,100,000","10,500,000","9,300,000","7,800,000","6,600,000","6,300,000","6,000,000","5,500,000","5,000,000","4,800,000","4,700,000","5,100,000","4,500,000",,,,,,,,
GrossProfit,"755,300,000","186,900,000","190,500,000","195,000,000","182,900,000","182,000,000","180,100,000","169,400,000","154,600,000","146,800,000","189,500,000","174,400,000","169,500,000","153,500,000","178,000,000","150,400,000","136,200,000","123,700,000","116,100,000","116,200,000","119,200,000","117,000,000","124,700,000","125,100,000","136,100,000","131,300,000","141,800,000","140,500,000","194,600,000","184,300,000","200,500,000","199,300,000","209,500,000","184,700,000","204,900,000","185,200,000","177,700,000","155,300,000","189,000,000","172,600,000","182,700,000","169,700,000","175,000,000","182,600,000","204,100,000","199,700,000","213,800,000","173,300,000","173,400,000","144,200,000","138,200,000","117,100,000","114,200,000","115,000,000","136,700,000","150,700,000","140,600,000","145,600,000","171,400,000","133,700,000","111,900,000","125,000,000","137,100,000","98,000,000","69,200,000","115,600,000","104,200,000","51,600,000","28,100,000","24,800,000","29,800,000","42,900,000","39,300,000","40,400,000","34,300,000","31,800,000","39,000,000","22,800,000","-6,100,000","8,000,000","-30,400,000","21,700,000","-49,500,000","-14,700,000","-439,600,000","470,800,000","513,300,000","381,700,000","259,400,000","211,100,000","150,000,000","112,200,000","51,900,000","46,200,000","34,400,000","32,900,000","25,200,000","25,400,000","22,300,000","19,900,000","16,800,000","13,600,000","11,500,000","12,400,000","11,300,000","9,600,000","7,900,000","6,200,000","5,900,000","5,100,000","4,400,000","4,100,000","3,800,000","3,200,000","3,500,000","3,300,000",,,,,,,,
OperatingExpense,"586,500,000","146,100,000","141,300,000","148,100,000","151,000,000","146,500,000","137,600,000","138,700,000","105,600,000","139,300,000","145,400,000","153,400,000","142,300,000","144,700,000","144,800,000","136,800,000","141,200,000","123,000,000","109,900,000","104,700,000","105,800,000","113,800,000","116,200,000","115,000,000","133,700,000","124,200,000","131,200,000","143,000,000","207,000,000","198,300,000","199,000,000","192,200,000","206,000,000","192,700,000","184,100,000","179,400,000","183,400,000","176,200,000","171,100,000","169,800,000","178,100,000","175,300,000","172,600,000","177,900,000","179,800,000","179,500,000","177,700,000","172,200,000","161,100,000","140,800,000","142,700,000","139,000,000","140,300,000","150,200,000","851,600,000","164,700,000","235,300,000","169,800,000","158,400,000","154,100,000","145,300,000","149,500,000","147,100,000","129,500,000","129,200,000","145,800,000","140,800,000","117,400,000","129,100,000","67,900,000","72,700,000","70,900,000","58,700,000","75,600,000","103,200,000","74,500,000","96,400,000","121,700,000","126,700,000","497,900,000","994,000,000","4,399,600,000","1,871,400,000","660,800,000","51,682,900,000","2,366,100,000","1,318,500,000","1,317,900,000","413,200,000","350,600,000","248,000,000","225,300,000","29,700,000","28,300,000","20,200,000","19,400,000","129,800,000","13,100,000","11,800,000","11,100,000","9,100,000","46,700,000","7,800,000","7,600,000","6,400,000","5,900,000","5,500,000","4,300,000","3,700,000","3,500,000","3,200,000","3,000,000","3,100,000","2,500,000","2,600,000","2,600,000",,,,,,,,
	SellingGeneralAndAdministration,"359,500,000","89,000,000","88,200,000","91,800,000","90,500,000","86,100,000","79,500,000","81,400,000","51,900,000","83,600,000","86,300,000","93,200,000","83,800,000","86,800,000","88,500,000","84,400,000","89,000,000","86,400,000","76,600,000","72,500,000","72,000,000","76,200,000","76,900,000","75,400,000","89,800,000","80,600,000","85,800,000","94,900,000","121,300,000","116,700,000","114,800,000","110,700,000","120,900,000","113,400,000","109,000,000","107,100,000","111,900,000","107,300,000","105,400,000","104,700,000","106,500,000","105,300,000","106,000,000","111,200,000","109,500,000","110,900,000","109,500,000","107,200,000","103,700,000","92,300,000","94,700,000","92,200,000","93,500,000","93,800,000","105,000,000","112,300,000","137,900,000","112,200,000","105,500,000","100,200,000","95,300,000","95,700,000","94,400,000","83,000,000","83,400,000","88,200,000","83,300,000","70,400,000","38,600,000","38,000,000","43,500,000","37,200,000","31,400,000","35,600,000","36,800,000","41,000,000","58,300,000","70,000,000","81,500,000","65,800,000","94,200,000","84,000,000","98,400,000","106,300,000","457,200,000","139,100,000","105,200,000","116,200,000","62,200,000","49,100,000","33,800,000","27,900,000","12,900,000","9,100,000","10,300,000","7,900,000","21,800,000","7,100,000","7,100,000","6,800,000","5,000,000","9,400,000","4,600,000","4,900,000","4,000,000","3,800,000","3,500,000","3,000,000","3,300,000","3,200,000","2,900,000","2,800,000","2,800,000","2,300,000","2,400,000","2,400,000",,,,,,,,
	ResearchAndDevelopment,"211,100,000","54,900,000","50,500,000","53,600,000","52,100,000","52,100,000","50,000,000","48,800,000","45,000,000","46,800,000","50,300,000","51,500,000","49,800,000","48,700,000","45,900,000","42,600,000","42,200,000","32,100,000","29,900,000","29,100,000","30,200,000","34,100,000","35,900,000","36,100,000","40,400,000","40,000,000","41,700,000","44,300,000","80,900,000","76,700,000","79,200,000","76,400,000","80,000,000","74,100,000","72,300,000","69,600,000","67,600,000","65,800,000","63,500,000","61,600,000","64,300,000","62,500,000","59,400,000","59,800,000","62,700,000","60,600,000","60,200,000","56,400,000","51,400,000","42,200,000","41,500,000","39,800,000","39,400,000","42,700,000","42,900,000","45,100,000","47,500,000","47,700,000","46,300,000","46,600,000","42,200,000","43,400,000","42,800,000","40,000,000","39,800,000","41,300,000","40,700,000","33,700,000","22,300,000","22,500,000","24,400,000","24,500,000","25,100,000","25,600,000","24,100,000","24,700,000","32,100,000","36,800,000","40,100,000","44,700,000","63,700,000","57,800,000","64,100,000","69,200,000","94,300,000","98,000,000","71,200,000","62,400,000","41,300,000","33,300,000","21,600,000","17,200,000","8,200,000","7,300,000","5,800,000","5,400,000","103,900,000","3,900,000","3,200,000","2,900,000","3,000,000","35,900,000","2,100,000","1,600,000","1,700,000","1,600,000","1,500,000","900,000",,,,,,,,,,,,,,,,
	DepreciationAmortizationDepletionIncomeStatement,"15,900,000","2,200,000","2,600,000","2,700,000","8,400,000","8,300,000","8,100,000","8,500,000","8,700,000","8,900,000","8,800,000","8,700,000","8,700,000","9,200,000","10,400,000","9,800,000","10,000,000","4,500,000","3,400,000","3,100,000","3,600,000","3,500,000","3,400,000","3,500,000","3,500,000","3,600,000","3,700,000","3,800,000","4,800,000","4,900,000","5,000,000","5,100,000","5,100,000","5,200,000","2,800,000","2,700,000","3,900,000","3,100,000","2,200,000","3,500,000","7,300,000","7,500,000","7,200,000","6,900,000","7,600,000","8,000,000","8,000,000","8,600,000","8,000,000","6,300,000","6,500,000","7,000,000","6,300,000","6,700,000","6,900,000","7,100,000","8,000,000","8,000,000","7,100,000","6,900,000","6,900,000","6,600,000","6,900,000","6,400,000","-19,800,000","16,300,000","15,600,000","12,300,000","5,500,000","4,800,000","4,800,000","4,700,000","4,200,000","3,900,000","3,900,000","3,900,000","3,900,000","3,700,000","3,800,000","8,400,000","50,400,000","373,700,000","441,300,000","443,300,000","931,700,000","2,173,900,000","1,142,100,000","1,139,300,000","309,700,000","268,200,000","192,600,000","180,200,000","8,600,000","11,900,000","4,100,000","6,100,000","4,100,000","2,100,000","1,500,000","1,400,000","1,100,000","1,400,000","1,100,000","1,100,000","700,000","500,000","500,000","400,000","400,000","300,000","300,000","200,000","300,000","200,000","200,000","200,000",,,,,,,,
		DepreciationAndAmortizationInIncomeStatement,"15,900,000","2,200,000","2,600,000","2,700,000","8,400,000","8,300,000","8,100,000","8,500,000","8,700,000","8,900,000","8,800,000","8,700,000","8,700,000","9,200,000","10,400,000","9,800,000","10,000,000","4,500,000","3,400,000","3,100,000","3,600,000","3,500,000","3,400,000","3,500,000","3,500,000","3,600,000","3,700,000","3,800,000","4,800,000","4,900,000","5,000,000","5,100,000","5,100,000","5,200,000","2,800,000","2,700,000","3,900,000","3,100,000","2,200,000","3,500,000","7,300,000","7,500,000","7,200,000","6,900,000","7,600,000","8,000,000","8,000,000","8,600,000","8,000,000","6,300,000","6,500,000","7,000,000","6,300,000","6,700,000","6,900,000","7,100,000","8,000,000","8,000,000","7,100,000","6,900,000","6,900,000","6,600,000","6,900,000","6,400,000","-19,800,000","16,300,000","15,600,000","12,300,000","5,500,000","4,800,000","4,800,000","4,700,000","4,200,000","3,900,000","3,900,000","3,900,000","3,900,000","3,700,000","3,800,000","8,400,000","50,400,000","373,700,000","441,300,000","443,300,000","931,700,000","2,173,900,000","1,142,100,000","1,139,300,000","309,700,000","268,200,000","192,600,000","180,200,000","8,600,000","11,900,000","4,100,000","6,100,000","4,100,000","2,100,000","1,500,000","1,400,000","1,100,000","1,400,000","1,100,000","1,100,000","700,000","500,000","500,000","400,000","400,000","300,000","300,000","200,000","300,000","200,000","200,000","200,000",,,,,,,,
			Amortization,"15,900,000","2,200,000","2,600,000","2,700,000","8,400,000","8,300,000","8,100,000","8,500,000","8,700,000","8,900,000","8,800,000","8,700,000","8,700,000","9,200,000","10,400,000","9,800,000","10,000,000","4,500,000","3,400,000","3,100,000","3,600,000","3,500,000","3,400,000","3,500,000","3,500,000","3,600,000","3,700,000","3,800,000","4,800,000","4,900,000","5,000,000","5,100,000","5,100,000","5,200,000","2,800,000","2,700,000","3,900,000","3,100,000","2,200,000","3,500,000","7,300,000","7,500,000","7,200,000","6,900,000","7,600,000","8,000,000","8,000,000","8,600,000","8,000,000","6,300,000","6,500,000","7,000,000","6,300,000","6,700,000","6,900,000","7,100,000","8,000,000","8,000,000","7,100,000","6,900,000","6,900,000","6,600,000","6,900,000","6,400,000","-19,800,000","16,300,000","15,600,000","12,300,000","5,500,000","4,800,000","4,800,000","4,700,000","4,200,000","3,900,000","3,900,000","3,900,000","3,900,000","3,700,000","3,800,000","8,400,000","50,400,000","373,700,000","441,300,000","443,300,000",,,,,,,,,,,,,,,,,,,,,,,,,,,,,,,,,,,,,,,,
				AmortizationOfIntangiblesIncomeStatement,"15,900,000","2,200,000","2,600,000","2,700,000","8,400,000","8,300,000","8,100,000","8,500,000","8,700,000","8,900,000","8,800,000","8,700,000","8,700,000","9,200,000","10,400,000","9,800,000","10,000,000","4,500,000","3,400,000","3,100,000","3,600,000","3,500,000","3,400,000","3,500,000","3,500,000","3,600,000","3,700,000","3,800,000","4,800,000","4,900,000","5,000,000","5,100,000","5,100,000","5,200,000","2,800,000","2,700,000","3,900,000","3,100,000","2,200,000","3,500,000","7,300,000","7,500,000","7,200,000","6,900,000","7,600,000","8,000,000","8,000,000","8,600,000","8,000,000","6,300,000","6,500,000","7,000,000","6,300,000","6,700,000","6,900,000","7,100,000","8,000,000","8,000,000","7,100,000","6,900,000","6,900,000","6,600,000","6,900,000","6,400,000","-19,800,000","16,300,000","15,600,000","12,300,000","5,500,000","4,800,000","4,800,000","4,700,000","4,200,000","3,900,000","3,900,000","3,900,000","3,900,000","3,700,000","3,800,000","8,400,000","50,400,000","373,700,000","441,300,000","443,300,000",,,,,,,,,,,,,,,,,,,,,,,,,,,,,,,,,,,,,,,,
	OtherOperatingExpenses,,,,,,,,,,,,,,,,,,,,,,,,,,,,,,,,,,,,,,,,,,,,,,,,,,,,,"1,100,000","7,000,000","696,800,000","200,000","41,900,000","1,900,000","-500,000","400,000","900,000","3,800,000","3,000,000","100,000","25,800,000",,"1,200,000","1,000,000","62,700,000","2,600,000",,"4,500,000","-2,000,000","10,500,000","38,400,000","4,900,000","2,100,000","11,200,000","1,300,000","379,000,000","785,700,000","3,884,100,000","1,267,600,000","42,000,000","50,199,700,000","-44,900,000",,,,,,,,,,,,,,,,,,,,,,,,,,,,,,,,,,,,,,
OperatingIncome,"168,800,000","40,800,000","49,200,000","46,900,000","31,900,000","35,500,000","42,500,000","30,700,000","49,000,000","7,500,000","44,100,000","21,000,000","27,200,000","8,800,000","33,200,000","13,600,000","-5,000,000","700,000","6,200,000","11,500,000","13,400,000","3,200,000","8,500,000","10,100,000","2,400,000","7,100,000","10,600,000","-2,500,000","-12,400,000","-14,000,000","1,500,000","7,100,000","3,500,000","-8,000,000","20,800,000","5,800,000","-5,700,000","-20,900,000","17,900,000","2,800,000","4,600,000","-5,600,000","2,400,000","4,700,000","24,300,000","20,200,000","36,100,000","1,100,000","12,300,000","3,400,000","-4,500,000","-21,900,000","-26,100,000","-35,200,000","-714,900,000","-14,000,000","-94,700,000","-24,200,000","13,000,000","-20,400,000","-33,400,000","-24,500,000","-10,000,000","-31,500,000","-60,000,000","-30,200,000","-36,600,000","-65,800,000","-101,000,000","-43,100,000","-42,900,000","-28,000,000","-19,400,000","-35,200,000","-68,900,000","-42,700,000","-57,400,000","-98,900,000","-132,800,000","-489,900,000","-1,024,400,000","-4,377,900,000","-1,920,900,000","-675,500,000","-52,122,500,000","-1,895,300,000","-805,200,000","-936,200,000","-153,800,000","-139,500,000","-98,000,000","-113,100,000","22,200,000","17,900,000","14,200,000","13,500,000","-104,600,000","12,300,000","10,500,000","8,800,000","7,700,000","-33,100,000","3,700,000","4,800,000","4,900,000","3,700,000","2,400,000","1,900,000","2,200,000","1,600,000","1,200,000","1,100,000","700,000","700,000","900,000","700,000","-21,800,000","6,800,000","6,800,000","6,800,000","-18,000,000","6,600,000","6,600,000","6,600,000"
NetNonOperatingInterestIncomeExpense,"-37,200,000","-5,800,000","-6,000,000","-2,200,000","-7,000,000","-9,900,000","-7,900,000","-8,400,000","-10,800,000","-3,100,000","-7,100,000","-5,600,000","-4,500,000","-7,100,000","-6,400,000","-8,200,000","-2,400,000","-7,900,000","-8,800,000","-12,300,000","-12,900,000","-5,700,000","-5,600,000","-7,900,000","-4,500,000","-8,300,000","-7,100,000","-9,900,000","-5,200,000","-8,300,000","-8,100,000","-7,800,000","-5,100,000","-7,100,000","-8,000,000","-5,800,000","3,900,000","-5,100,000","-7,500,000","-6,600,000","-4,600,000","-6,800,000","-6,600,000","-6,600,000","-4,100,000","-6,200,000","-6,400,000","-5,300,000","-16,000,000","-1,600,000","-4,000,000","-2,700,000","500,000","20,300,000",,,,,,,,,,,,,,,,,,,,,,,,,,,,,,,,,,,,,,,,,,,,,,,,,,,,,,,,,,,,,,,,,,,,,,
	InterestIncomeNonOperating,"5,200,000","600,000","1,100,000","1,400,000","2,100,000",,"1,100,000","600,000","-2,200,000","5,300,000","1,300,000","2,700,000","3,600,000","900,000","1,700,000","1,900,000","9,300,000","3,500,000","2,900,000","200,000","1,000,000","5,000,000","3,800,000","1,300,000","4,500,000","800,000","1,700,000","-1,100,000","3,400,000","300,000","400,000","500,000","3,300,000","600,000","400,000","-600,000","6,400,000","-900,000","-2,400,000","-500,000","2,600,000","100,000",,,,,,"1,000,000",,"4,300,000","2,300,000","3,200,000","2,200,000","22,200,000",,,,,,,,,,,,,,,,,,,,,,,,,,,,,,,,,,,,,,,,,,,,,,,,,,,,,,,,,,,,,,,,,,,,,,
	InterestExpenseNonOperating,"42,400,000","6,400,000","7,100,000","3,600,000","9,100,000","9,900,000","9,000,000","9,000,000","8,600,000","8,400,000","8,400,000","8,300,000","8,100,000","8,000,000","8,100,000","10,100,000","11,700,000","11,400,000","11,700,000","12,500,000","13,900,000","10,700,000","9,400,000","9,200,000","9,000,000","9,100,000","8,800,000","9,900,000","8,600,000","8,600,000","8,500,000","8,300,000","8,400,000","7,700,000","8,400,000","5,800,000","-1,200,000","5,100,000","7,500,000","6,600,000","7,200,000","6,900,000","6,600,000","6,600,000","6,500,000","6,200,000","6,400,000","6,300,000","6,200,000","5,900,000","6,300,000","5,900,000","1,700,000","1,900,000",,,,,,,,,,,,,,,,,,,,,,,,,,,,,,,,,,,,,,,,,,,,,,,,,,,,,,,,,,,,,,,,,,,,,,
OtherIncomeExpense,"-97,400,000","-6,400,000","-6,300,000","-85,900,000","1,200,000","400,000","-200,000","600,000","-3,100,000","1,600,000","900,000","-300,000","-900,000","-900,000","-500,000","-15,000,000","-10,200,000","-400,000","-2,500,000","-1,500,000","17,100,000","32,800,000","52,100,000","81,500,000","-71,800,000","39,900,000","-1,400,000","-400,000","-14,800,000","-8,300,000","-9,700,000","-2,900,000","-23,200,000","-3,600,000","-1,000,000","800,000","-19,700,000","-400,000","-3,000,000","-2,600,000","-19,700,000","-1,900,000","-3,000,000","-500,000","-7,900,000","-7,500,000","-900,000","2,200,000","20,700,000","-2,500,000","-9,200,000","-5,400,000","-23,400,000","-57,900,000","-692,600,000","-1,800,000","-55,600,000","1,800,000","3,000,000","2,800,000","5,900,000","-3,800,000","19,700,000","-4,900,000","-33,900,000","28,500,000","-14,000,000","4,800,000","-64,400,000","-5,300,000","-5,300,000","-14,700,000","-4,700,000","5,000,000","-34,000,000","-3,200,000","-18,200,000","-37,600,000","-89,100,000","-422,500,000","-924,900,000","-3,885,200,000","-1,309,100,000","-410,800,000","-52,176,200,000","1,341,100,000","-52,800,000","-50,100,000","-261,900,000","-84,100,000","-19,700,000",,"-213,400,000","400,000","-5,500,000","900,000","7,700,000","800,000","-5,800,000","800,000","1,100,000","900,000","1,000,000","900,000","-6,900,000","400,000","400,000",,"-5,200,000","100,000","200,000","100,000","500,000","100,000","100,000",,,,,,,,,
	GainOnSaleOfSecurity,,,,,,,,,,,,,"-3,000,000",,"-200,000","-200,000","-1,300,000","-100,000",,,"17,400,000","51,200,000","53,900,000","81,500,000","29,200,000","39,800,000",,,,,,,,,,,,,,"100,000","300,000",,,,,,,"3,200,000",,,,"200,000","-100,000","300,000",,,,,,,,,,,,,,,,,,,,,,,,,,,,,,,,,,,,,,,,,,,,,,,,,,,,,,,,,,,,,,,,,,,,,,
	EarningsFromEquityInterest,,,,,,,,,,,,,,,,,,,,,,,,,,,,,,,,,,,,,,,,,,,,,,,,"0",,,,,,,"-200,000",,,"1,100,000",,,,,,"100,000","0","-200,000","300,000","-400,000",,"200,000","-800,000",,,"-500,000","-4,700,000",,,"-1,200,000","-4,000,000",,,,,,,,,,,,,,,,,,,,,,,,,,,,,,,,,,,,,,,,,,,,,
	SpecialIncomeCharges,"-97,800,000","-6,400,000","-6,300,000","-85,900,000","800,000","400,000","-200,000","600,000","-5,700,000","1,600,000","900,000","-300,000","600,000","-900,000","-300,000","-14,800,000","-9,000,000","-300,000","-2,500,000","-1,500,000","-2,500,000","-18,400,000","-1,800,000","0","-100,200,000","100,000","-1,400,000","-400,000","-13,600,000","-8,300,000","-9,700,000","-2,900,000","-20,000,000","-3,600,000","-1,000,000","800,000","-12,900,000","-400,000","-3,000,000","-2,700,000","-19,900,000","-1,900,000","-3,000,000","-500,000","-11,300,000","-7,500,000","-900,000","-1,000,000","7,600,000","-2,500,000","-9,200,000","-5,600,000","-23,300,000","-58,200,000","-692,400,000","-1,800,000","-54,300,000","700,000","3,000,000","2,800,000","5,900,000","-3,800,000","19,700,000","-5,000,000","-33,900,000","28,700,000","-14,300,000","5,200,000","-67,900,000","-5,500,000","-4,500,000","-14,700,000","-11,200,000","5,500,000","-29,300,000","-3,200,000","-25,900,000","-36,400,000","-85,100,000","-422,500,000","-924,900,000","-3,885,200,000","-1,309,100,000","-410,800,000","-52,176,200,000","1,341,100,000","-52,800,000","-50,100,000","-261,900,000","-84,100,000","-19,700,000",,"-213,400,000","400,000","-5,500,000","900,000","7,700,000","800,000","-5,800,000","800,000","1,100,000","900,000","1,000,000","900,000","-6,900,000","400,000","400,000",,"-5,200,000","100,000","200,000","100,000","500,000","100,000","100,000",,,,,,,,,
		RestructuringAndMergernAcquisition,"-900,000","0","-100,000","0","-800,000","-400,000","200,000","-600,000","5,700,000","-1,600,000","-900,000","300,000","-600,000","900,000","300,000","14,800,000","4,000,000","300,000","2,500,000","1,500,000","1,400,000","18,400,000","1,800,000","0","8,800,000","-100,000","1,400,000","400,000","13,600,000","8,300,000","9,700,000","2,900,000","20,000,000","3,600,000","1,000,000","-800,000","12,900,000","400,000","3,000,000","2,700,000","5,000,000","2,000,000","4,000,000","1,500,000","4,400,000","7,600,000","2,500,000","300,000","3,400,000","1,200,000","8,000,000","5,100,000","18,500,000","11,000,000","6,600,000","2,600,000","3,700,000","1,700,000","200,000","1,100,000","4,100,000","-100,000","5,500,000","5,200,000","6,500,000","8,800,000","14,900,000","4,800,000","7,600,000","1,500,000","3,800,000","5,300,000","4,000,000","1,700,000","9,400,000","-3,600,000","6,200,000","16,300,000","75,800,000","23,000,000","27,800,000","-10,800,000",,"243,000,000",,,,,,,,,,,,,,,,,,,,,,,,,,,,,,,,,,,,,,,,
		ImpairmentOfCapitalAssets,,,,,,,,,,,,,,,,,,,,,"0",,,,"91,400,000",,,,,,,,,,,,,,,,,,,,"0",,,,"-1,300,000","1,100,000","1,100,000","500,000","4,800,000","47,200,000",,,,,,,,,,,,,,,,,,,,,,,,,,,,,,,,,,,,,,,,,,,,,,,,,,,,,,,,,,,,,,,,,,,,,,
		OtherSpecialCharges,,"6,400,000","6,400,000","85,900,000",,,,,,,,,,,,,,,,,,,,,,,,,,,,,,,,,,,,,"-8,100,000","-100,000","-1,000,000","-1,000,000","6,700,000","-100,000","-1,600,000","700,000","-9,700,000","200,000","100,000",,,,"685,800,000","-800,000","50,600,000","-2,400,000","-3,200,000","-3,900,000","-10,000,000","3,900,000","-25,200,000","-200,000","27,400,000","-37,500,000","-600,000","-10,000,000","60,300,000","4,000,000","700,000","9,400,000","7,200,000","-7,200,000","19,900,000","6,800,000","19,700,000","20,100,000","9,300,000","399,500,000","897,100,000","3,896,000,000",,"167,800,000",,,,,,,,,,,,,,,,,,,,,,,,,,,,,,,,,,,,,,,,
		GainOnSaleOfPPE,,,,,,,,,,,,,,,,,,,,,,,,,,,,,,,,,,,,,,,,,"-23,900,000",,,,,,,,,,,,,,,,,,,,,,,,,,,,,,,,,,,,,,,,,,,,,,,,,,,,,,,,,,,,,,,,,,,,,,,,,,,,,,,,,,,
PretaxIncome,"34,200,000","28,600,000","36,900,000","-41,200,000","26,100,000","26,000,000","34,400,000","22,900,000","35,000,000","6,000,000","37,900,000","15,100,000","21,800,000","800,000","26,300,000","-9,600,000","-17,600,000","-7,600,000","-5,100,000","-2,300,000","17,600,000","30,300,000","55,000,000","83,700,000","-73,900,000","38,700,000","2,100,000","-12,800,000","-32,400,000","-30,600,000","-16,300,000","-3,600,000","-24,800,000","-18,700,000","11,800,000","800,000","-21,500,000","-26,400,000","7,400,000","-6,400,000","-19,700,000","-14,300,000","-7,200,000","-2,400,000","12,300,000","6,500,000","28,800,000","-2,000,000","3,500,000","-13,000,000","-17,700,000","-30,000,000","-60,500,000","-85,800,000","-707,000,000","-15,400,000","-30,000,000","-11,600,000","26,700,000","-4,400,000","-22,500,000","-10,200,000","26,900,000","-18,500,000","-55,100,000","6,600,000","-41,600,000","-61,500,000","-135,800,000","-40,400,000","-42,900,000","-35,500,000","-19,800,000","-14,600,000","-56,000,000","-38,100,000","-67,600,000","-118,200,000","-214,000,000","-520,500,000","-1,151,300,000","-4,367,800,000","-1,952,700,000","-1,029,200,000","-54,080,800,000","-594,500,000","-845,800,000","-972,700,000","-401,700,000","-213,600,000","-107,000,000","-107,600,000","-187,300,000","18,300,000","8,700,000","14,400,000","-97,000,000","13,000,000","4,700,000","9,600,000","8,200,000","-32,100,000","4,600,000","5,700,000","-2,100,000","4,200,000","2,800,000","1,900,000","-3,200,000","1,800,000","1,400,000","1,100,000","1,000,000","800,000","900,000","600,000",,,,,,,,
TaxProvision,"53,300,000","9,400,000","2,300,000","13,600,000","28,000,000","14,200,000","12,500,000","8,600,000","8,300,000","38,800,000","9,900,000","8,300,000","9,300,000","5,600,000","10,900,000","5,700,000","11,200,000","1,100,000","-1,400,000","2,500,000","5,500,000","4,300,000","5,800,000","5,700,000","-6,400,000","11,300,000","-1,200,000","800,000","7,700,000","-17,400,000","8,800,000","6,100,000","600,000","-17,200,000","3,000,000","500,000","-113,000,000","1,600,000","4,100,000","3,400,000","2,500,000","3,100,000","3,000,000","3,400,000","3,000,000","-32,100,000","5,200,000","-2,100,000","1,800,000","-1,700,000","1,700,000","700,000","-1,000,000","-600,000","-1,700,000","1,000,000","-200,000","-5,400,000","5,500,000","2,500,000","-4,600,000","4,000,000","3,700,000","-1,100,000","-9,300,000","2,900,000","500,000","5,500,000","9,900,000","-1,800,000","-1,900,000","500,000","1,900,000","-7,300,000","2,500,000","-12,900,000","-6,000,000","18,600,000","900,000",,"-108,800,000","-26,900,000","177,800,000","195,200,000","-1,164,100,000","698,600,000","49,600,000","43,900,000","17,100,000","27,300,000","24,200,000","6,300,000","7,100,000","5,500,000","4,200,000","4,700,000","-600,000","4,600,000","4,000,000","3,400,000","-700,000","2,400,000","1,500,000","2,100,000","800,000","1,600,000","900,000","700,000","-1,200,000","700,000","500,000","400,000","300,000","300,000","300,000","200,000",,,,,,,,
NetIncomeCommonStockholders,"-19,100,000","19,200,000","34,600,000","-54,800,000","-1,900,000","11,800,000","21,900,000","14,300,000","26,700,000","-32,800,000","28,000,000","6,800,000","12,500,000","-4,800,000","13,000,000","-15,300,000","-28,800,000","-8,700,000","-3,700,000","-4,800,000","13,700,000","26,000,000","49,200,000","78,000,000","-70,900,000","32,400,000","6,300,000","-67,000,000","-40,100,000","-13,200,000","-25,100,000","-9,700,000","-25,400,000","-1,500,000","8,800,000","300,000","92,500,000","-28,000,000","4,100,000","-11,600,000","-22,200,000","-17,400,000","-10,200,000","-5,800,000","9,300,000","38,600,000","23,600,000","100,000","1,500,000","-11,900,000","-19,500,000","-31,900,000","-59,500,000","-85,200,000","-705,300,000","-16,400,000","-29,800,000","-6,200,000","21,200,000","-6,900,000","-17,900,000","-14,200,000","23,200,000","-17,400,000","-45,800,000","3,700,000","-42,100,000","-67,000,000","-145,700,000","-38,600,000","-41,000,000","-36,000,000","-21,700,000","-7,300,000","-58,500,000","-28,100,000","-61,600,000","-136,800,000","-214,900,000","-520,500,000","-1,042,500,000","-4,340,900,000","-2,130,500,000","-1,224,400,000","-52,916,700,000","-1,293,100,000","-895,400,000","-1,016,600,000","-418,800,000","-240,900,000","-131,200,000","-113,900,000","-194,400,000","12,800,000","4,500,000","9,700,000","-96,400,000","8,400,000","700,000","6,200,000","8,900,000","-34,500,000","3,100,000","3,600,000","-2,900,000","2,600,000","1,900,000","1,200,000","-2,000,000","1,100,000","900,000","700,000","700,000","500,000","600,000","400,000","-200,000","-200,000","-200,000","-200,000","300,000","300,000","300,000","200,000"
	NetIncome,"-19,100,000","19,200,000","34,600,000","-54,800,000","-1,900,000","11,800,000","21,900,000","14,300,000","26,700,000","-32,800,000","28,000,000","6,800,000","12,500,000","-4,800,000","13,000,000","-15,300,000","-28,800,000","-8,700,000","-3,700,000","-4,800,000","13,700,000","26,000,000","49,200,000","78,000,000","-70,900,000","32,400,000","6,300,000","-67,000,000","-40,100,000","-13,200,000","-25,100,000","-9,700,000","-25,400,000","-1,500,000","8,800,000","300,000","92,500,000","-28,000,000","4,100,000","-11,600,000","-22,200,000","-17,400,000","-10,200,000","-5,800,000","9,300,000","38,600,000","23,600,000","100,000","1,500,000","-11,900,000","-19,500,000","-31,900,000","-59,500,000","-85,200,000","-705,300,000","-16,400,000","-29,800,000","-6,200,000","21,200,000","-6,900,000","-17,900,000","-14,200,000","23,200,000","-17,400,000","-45,800,000","3,700,000","-42,100,000","-67,000,000","-145,700,000","-38,600,000","-41,000,000","-36,000,000","-21,700,000","-7,300,000","-58,500,000","-28,100,000","-61,600,000","-136,800,000","-214,900,000","-520,500,000","-1,042,500,000","-4,340,900,000","-2,130,500,000","-1,224,400,000","-52,916,700,000","-1,293,100,000","-895,400,000","-1,016,600,000","-418,800,000","-240,900,000","-131,200,000","-113,900,000","-194,400,000","12,800,000","4,500,000","9,700,000","-96,400,000","8,400,000","700,000","6,200,000","8,900,000","-34,500,000","3,100,000","3,600,000","-2,900,000","2,600,000","1,900,000","1,200,000","-2,000,000","1,100,000","900,000","700,000","700,000","500,000","600,000","400,000","-200,000","-200,000","-200,000","-200,000","300,000","300,000","300,000","200,000"
		NetIncomeIncludingNoncontrollingInterests,"-19,100,000","19,200,000","34,600,000","-54,800,000","-1,900,000","11,800,000","21,900,000","14,300,000","26,700,000","-32,800,000","28,000,000","6,800,000","12,500,000","-4,800,000","13,000,000","-15,300,000","-28,800,000","-8,700,000","-3,700,000","-4,800,000","13,700,000","26,000,000","49,200,000","78,000,000","-70,900,000","32,400,000","6,300,000","-67,000,000","-40,100,000","-13,200,000","-25,100,000","-9,700,000","-25,400,000","-1,500,000","8,800,000","300,000","92,500,000","-28,000,000","4,100,000","-11,600,000","-22,200,000","-17,400,000","-10,200,000","-5,800,000","9,300,000","38,600,000","23,600,000","100,000","1,500,000","-11,900,000","-19,500,000","-31,900,000","-59,500,000","-85,200,000","-705,300,000","-16,400,000","-29,800,000","-6,200,000","21,200,000","-6,900,000","-17,900,000","-14,200,000","23,200,000","-17,400,000","-45,800,000","3,700,000","-42,100,000","-67,000,000","-145,700,000","-38,600,000","-41,000,000","-36,000,000","-21,700,000","-7,300,000","-58,500,000","-28,100,000","-61,600,000","-136,800,000","-214,900,000","-520,500,000","-1,042,500,000","-4,340,900,000","-2,130,500,000","-1,224,400,000","-52,916,700,000","-1,293,100,000","-895,400,000","-1,016,600,000","-418,800,000","-240,900,000","-131,200,000","-113,900,000","-194,400,000","12,800,000","4,500,000","9,700,000","-96,400,000","8,400,000","700,000","6,200,000","8,900,000","-34,500,000","3,100,000","3,600,000","-2,900,000","2,600,000","1,900,000","1,200,000","-2,000,000","1,100,000","900,000","700,000","700,000","500,000","600,000","400,000","-200,000","-200,000","-200,000","-200,000","300,000","300,000","300,000","200,000"
			NetIncomeContinuousOperations,"-19,100,000","19,200,000","34,600,000","-54,800,000","-1,900,000","11,800,000","21,900,000","14,300,000","26,700,000","-32,800,000","28,000,000","6,800,000","12,500,000","-4,800,000","15,400,000","-15,300,000","-28,800,000","-8,700,000","-3,700,000","-4,800,000","12,100,000","26,000,000","49,200,000","78,000,000","-67,500,000","27,400,000","3,300,000","-13,600,000","-40,100,000","-13,200,000","-25,100,000","-9,700,000","-25,400,000","-1,500,000","8,800,000","300,000","91,500,000","-28,000,000","3,300,000","-9,800,000","-22,200,000","-17,400,000","-10,200,000","-5,800,000","9,300,000","38,600,000","23,600,000","100,000","1,700,000","-11,300,000","-19,400,000","-30,700,000","-59,500,000","-85,200,000","-705,300,000","-16,400,000","-29,800,000","-6,200,000","21,200,000","-6,900,000","-17,900,000","-14,200,000","23,200,000","-17,400,000","-45,800,000","3,700,000","-42,100,000","-67,000,000","-145,700,000","-38,600,000","-41,000,000","-36,000,000","-21,700,000","-7,300,000","-58,500,000","-25,200,000","-61,600,000","-136,800,000","-214,900,000","-520,500,000","-1,042,500,000","-4,340,900,000","-2,130,500,000","-1,224,400,000","-52,916,700,000","-1,293,100,000","-895,400,000","-1,016,600,000","-418,800,000","-240,900,000","-131,200,000","-113,900,000","-194,400,000","12,800,000","4,500,000","9,700,000","-96,400,000","8,400,000","700,000","6,200,000","8,900,000","-34,500,000","3,100,000","3,600,000","-2,900,000","2,600,000","1,900,000","1,200,000","-2,000,000","1,100,000","900,000","700,000","700,000","500,000","600,000","400,000","-200,000","-200,000","-200,000","-200,000","300,000","300,000","300,000","200,000"
			NetIncomeDiscontinuousOperations,,,,,,,,,"0","0","0",,"0","0","-2,400,000",,,,,,"1,600,000","0","0","0","-3,400,000","5,000,000","3,000,000","-53,400,000",,,,,"0","0","0","0","1,000,000","0","800,000","-1,800,000",,,,,"0","0","0","0","-200,000","-600,000","-100,000","-1,200,000",,,,,,,,,,,,,,,,,,,,,,,,,,,,,,,,,,,,,,,,,,,,,,,,,,,,,,,,,,,,,,,,,,,,,,,,
			NetIncomeExtraordinary,,,,,,,,,,,,,,,,,,,,,,,,,,,,,,,,,,,,,,,,,,,,,,,,,,,,,,,,,,,,,,,,,,,,,,,,,"0",,,"-2,900,000",,,,,,,,,,,,,,,,,,,,,,,,,,,,,,,,,,,,,,,,,,,,,,,,
DilutedNIAvailtoComStockholders,"-19,100,000","19,200,000","34,600,000","-54,800,000","-1,900,000","11,800,000","21,900,000","14,300,000","26,700,000","-32,800,000","28,000,000","6,800,000","12,500,000","-4,800,000","13,000,000","-15,300,000","-28,800,000","-8,700,000","-3,700,000","-4,800,000","13,700,000","26,000,000","49,200,000","78,000,000","-70,900,000","32,400,000","6,300,000","-67,000,000","-40,100,000","-13,200,000","-25,100,000","-9,700,000","-25,400,000","-1,500,000","8,800,000","300,000","92,500,000","-28,000,000","4,100,000","-11,600,000","-22,200,000","-17,400,000","-10,200,000","-5,800,000","9,300,000","38,600,000","23,600,000","100,000","1,500,000","-11,900,000","-19,500,000","-31,900,000","-59,500,000","-85,200,000","-705,300,000","-16,400,000","-29,800,000","-6,200,000","21,200,000","-6,900,000","-17,900,000","-14,200,000","23,200,000","-17,400,000","-45,800,000","3,700,000","-42,100,000","-67,000,000","-145,700,000","-38,600,000","-41,000,000","-36,000,000","-21,700,000","-7,300,000","-58,500,000","-28,100,000","-61,600,000","-136,800,000","-214,900,000","-520,500,000","-1,042,500,000","-4,340,900,000","-2,130,500,000","-1,224,400,000","-52,916,700,000","-1,293,100,000","-895,400,000","-1,016,600,000","-418,800,000","-240,900,000","-131,200,000","-113,900,000","-194,400,000","12,800,000","4,500,000","9,700,000","-96,400,000","8,400,000","700,000","6,200,000","8,900,000","-34,500,000","3,100,000","3,600,000","-2,900,000","2,600,000","1,900,000","1,200,000","-2,000,000","1,100,000","900,000","700,000","700,000","500,000","600,000","400,000","-200,000","-200,000","-200,000","-200,000","300,000","300,000","300,000","200,000"
BasicEPS,,"0.08","0.15","-0.24","-0.01","0.05","0.1","0.06","0.12","-0.14","0.12","0.03","0.05","-0.02","0.06","-0.07","-0.13","-0.04","-0.02","-0.02","0.06","0.11","0.21","0.34","-0.3","0.14","0.03","-0.28","-0.16","-0.06","-0.11","-0.04","-0.11","-0.01","0.04","0.001","0.39","-0.12","0.02","-0.05","-0.1","-0.08","-0.04","-0.03","0.04","0.17","0.11","0",,"-0.05","-0.09","-0.15",,"-0.4","-3.28","-0.08",,"-0.03","0.1","-0.03",,"-0.07","0.11","-0.08",,"0","-0.24","-0.32",,"-0.24","-0.24","-0.16",,"-0.08","-0.32","-0.16",,"-0.8","-1.2","-2.96",,"-25.52","-12.8","-7.44",,"-9.04","-7.44","-8.56",,"-2.56","-1.52","-1.36",,"0.32","0.16","0.32",,"0.24","0.08","0.24",,"-1.04","0.16","0.16",,"0.16","0.08","0.08",,"0.08","0.08","0.08",,"0.08","0.08","0.08",,"-0.08","-0.08","-0.08",,"0.08","0.08","0.08"
DilutedEPS,,"0.08","0.14","-0.24","-0.01","0.05","0.09","0.06","0.12","-0.14","0.12","0.03","0.05","-0.02","0.06","-0.07","-0.13","-0.04","-0.02","-0.02","0.06","0.11","0.21","0.33","-0.3","0.14","0.03","-0.28","-0.16","-0.06","-0.11","-0.04","-0.11","-0.01","0.04","0.001","0.38","-0.12","0.02","-0.05","-0.1","-0.08","-0.04","-0.03","0.04","0.16","0.1","0",,"-0.05","-0.09","-0.15",,"-0.4","-3.28","-0.08",,"-0.03","0.09","-0.03",,"-0.07","0.1","-0.08",,"0","-0.24","-0.32",,"-0.24","-0.24","-0.16",,"-0.08","-0.32","-0.16",,"-0.8","-1.2","-2.96",,"-25.52","-12.8","-7.44",,"-9.04","-7.44","-8.56",,"-2.56","-1.52","-1.36",,"0.32","0.16","0.24",,"0.24","0.08","0.24",,"-1.04","0.16","0.16",,"0.16","0.08","0.08",,"0.08","0.08","0.08",,"0.08","0.08","0.08",,"-0.08","-0.08","-0.08",,"0.08","0.08","0.08"
BasicAverageShares,,"229,200,000","236,000,000","231,100,000","228,400,000","228,700,000","228,800,000","228,800,000","228,100,000","230,000,000","230,000,000","229,400,000","228,700,000","228,300,000","228,300,000","227,200,000","226,500,000","226,300,000","227,400,000","228,100,000","227,300,000","229,400,000","230,500,000","232,400,000","232,700,000","232,000,000","234,900,000","236,000,000","234,600,000","233,200,000","232,100,000","230,800,000","234,300,000","234,000,000","233,000,000","235,300,000","236,900,000","235,900,000","234,400,000","232,800,000","231,700,000","230,600,000","229,400,000","228,400,000","227,200,000","225,600,000","222,900,000","221,800,000",,"219,400,000","218,300,000","217,500,000",,"215,600,000","215,100,000","215,400,000",,"225,200,000","220,500,000","219,200,000",,"211,300,000","211,100,000","210,900,000",,"209,862,500","206,962,500","197,662,500",,"180,837,500","180,512,500","180,300,000",,"179,787,500","179,375,000","179,175,000",,"177,825,000","176,837,500","176,537,500",,"169,875,000","166,262,500","165,337,500",,"142,812,500","120,412,500","118,325,000",,"93,450,000","86,325,000","54,875,783",,"40,000,000","28,125,000","30,312,500",,"35,000,000","25,833,333","25,833,333",,"33,173,077","33,102,000","34,986,000",,"19,375,000","23,750,000","15,000,000",,"13,750,000","18,008,000","17,740,000",,"12,500,000","16,928,000","16,928,000",,"2,500,000","2,500,000","2,500,000",,"3,750,000","3,750,000","2,500,000"
DilutedAverageShares,,"236,800,000","242,300,000","231,100,000","228,400,000","240,200,000","231,100,000","231,800,000","230,300,000","230,000,000","238,300,000","236,400,000","232,500,000","228,300,000","230,400,000","227,200,000","226,500,000","226,300,000","227,400,000","228,100,000","232,500,000","234,600,000","234,200,000","236,800,000","232,700,000","234,600,000","237,100,000","236,000,000","234,600,000","233,200,000","232,100,000","230,800,000","234,300,000","234,000,000","235,800,000","239,600,000","241,100,000","235,900,000","237,100,000","232,800,000","231,700,000","230,600,000","229,400,000","228,400,000","235,700,000","235,400,000","229,100,000","227,500,000",,"219,400,000","218,300,000","217,500,000",,"215,600,000","215,100,000","215,400,000",,"225,200,000","228,400,000","219,200,000",,"211,300,000","223,500,000","210,900,000",,"212,250,000","206,962,500","197,662,500",,"180,837,500","180,512,500","180,300,000",,"179,787,500","179,375,000","179,175,000",,"177,825,000","176,837,500","176,537,500",,"169,875,000","166,262,500","165,337,500",,"142,812,500","120,412,500","118,325,000",,"93,450,000","86,325,000","54,875,783",,"40,000,000","28,125,000","40,416,667",,"35,000,000","25,833,333","25,833,333",,"33,173,077","33,102,000","34,986,000",,"19,375,000","23,750,000","15,000,000",,"13,750,000","18,008,000","17,740,000",,"12,500,000","16,928,000","16,928,000",,"2,500,000","2,500,000","2,500,000",,"3,750,000","3,750,000","2,500,000"
TotalOperatingIncomeAsReported,"169,700,000","40,800,000","49,300,000","46,900,000","32,700,000","35,900,000","42,300,000","31,300,000","43,300,000","9,100,000","45,000,000","20,700,000","27,800,000","7,900,000","32,900,000","-1,200,000","-9,000,000","400,000","3,700,000","10,000,000","12,000,000","-15,200,000","6,700,000","10,100,000","-97,800,000","7,200,000","9,200,000","-2,900,000","-26,000,000","-22,300,000","-8,200,000","4,200,000","-16,500,000","-11,600,000","19,800,000","6,600,000","-18,600,000","-21,300,000","14,900,000","100,000","-23,100,000","-7,600,000","-1,600,000","3,200,000","18,400,000","12,600,000","33,600,000","800,000","-3,100,000","-10,600,000","-13,000,000","-27,500,000","-60,900,000","-104,200,000","-721,500,000","-16,600,000","-98,400,000","-25,900,000","12,800,000","-21,500,000","-42,600,000","-24,400,000","-15,500,000","-36,700,000","-66,800,000","-39,200,000","-51,800,000","-90,200,000","-109,700,000","-44,600,000","-46,700,000","-33,300,000","-26,000,000","-36,900,000","-78,300,000","-39,100,000","-63,600,000","-115,200,000","-208,600,000","-513,300,000","-1,055,400,000","-4,367,100,000","-1,943,000,000","-918,500,000","-52,272,700,000","-2,323,900,000","-805,200,000","-936,200,000","-153,800,000","-139,500,000","-98,000,000","-113,100,000","22,200,000","17,900,000","14,200,000","13,500,000","-104,600,000","12,300,000","10,500,000","8,800,000","7,700,000","-33,100,000","3,700,000","4,800,000","4,900,000","3,700,000","2,400,000","1,900,000","2,200,000","1,600,000","1,200,000","1,100,000","700,000","700,000","900,000","700,000",,,,,,,,
TotalExpenses,"1,099,200,000","274,700,000","265,600,000","279,900,000","279,000,000","267,900,000","257,400,000","254,000,000","217,600,000","248,700,000","269,600,000","278,800,000","262,500,000","256,400,000","273,700,000","254,900,000","269,000,000","218,700,000","195,600,000","183,700,000","184,700,000","192,800,000","198,000,000","200,700,000","221,700,000","213,300,000","221,500,000","232,200,000","440,100,000","424,700,000","435,600,000","426,500,000","445,100,000","426,000,000","426,800,000","423,200,000","427,000,000","426,200,000","411,500,000","418,100,000","434,700,000","414,800,000","410,400,000","416,100,000","447,500,000","433,800,000","437,400,000","404,100,000","378,600,000","328,900,000","347,400,000","319,700,000","302,200,000","315,800,000","1,071,900,000","394,700,000","485,000,000","408,100,000","386,200,000","377,100,000","384,100,000","386,200,000","376,300,000","349,600,000","378,200,000","345,200,000","349,500,000","324,100,000","271,900,000","209,400,000","223,400,000","222,500,000","193,900,000","196,600,000","221,500,000","190,100,000","218,000,000","264,600,000","289,400,000","682,900,000","1,246,100,000","4,639,700,000","2,207,000,000","1,004,100,000","52,723,600,000","2,815,400,000","1,730,300,000","1,722,700,000","677,800,000","534,100,000","379,700,000","343,200,000","64,900,000","56,600,000","49,600,000","40,700,000","153,500,000","33,200,000","32,400,000","29,700,000","26,200,000","60,000,000","19,000,000","18,700,000","16,900,000","15,200,000","13,300,000","10,900,000","10,000,000","9,500,000","8,700,000","8,000,000","7,900,000","7,200,000","7,700,000","7,100,000",,,,,,,,
NetIncomeFromContinuingAndDiscontinuedOperation,"-19,100,000","19,200,000","34,600,000","-54,800,000","-1,900,000","11,800,000","21,900,000","14,300,000","26,700,000","-32,800,000","28,000,000","6,800,000","12,500,000","-4,800,000","13,000,000","-15,300,000","-28,800,000","-8,700,000","-3,700,000","-4,800,000","13,700,000","26,000,000","49,200,000","78,000,000","-70,900,000","32,400,000","6,300,000","-67,000,000","-40,100,000","-13,200,000","-25,100,000","-9,700,000","-25,400,000","-1,500,000","8,800,000","300,000","92,500,000","-28,000,000","4,100,000","-11,600,000","-22,200,000","-17,400,000","-10,200,000","-5,800,000","9,300,000","38,600,000","23,600,000","100,000","1,500,000","-11,900,000","-19,500,000","-31,900,000","-59,500,000","-85,200,000","-705,300,000","-16,400,000","-29,800,000","-6,200,000","21,200,000","-6,900,000","-17,900,000","-14,200,000","23,200,000","-17,400,000","-45,800,000","3,700,000","-42,100,000","-67,000,000","-145,700,000","-38,600,000","-41,000,000","-36,000,000","-21,700,000","-7,300,000","-58,500,000","-25,200,000","-61,600,000","-136,800,000","-214,900,000","-520,500,000","-1,042,500,000","-4,340,900,000","-2,130,500,000","-1,224,400,000","-52,916,700,000","-1,293,100,000","-895,400,000","-1,016,600,000","-418,800,000","-240,900,000","-131,200,000","-113,900,000","-194,400,000","12,800,000","4,500,000","9,700,000","-96,400,000","8,400,000","700,000","6,200,000","8,900,000","-34,500,000","3,100,000","3,600,000","-2,900,000","2,600,000","1,900,000","1,200,000","-2,000,000","1,100,000","900,000","700,000","700,000","500,000","600,000","400,000","-200,000","-200,000","-200,000","-200,000","300,000","300,000","300,000","200,000"
NormalizedIncome,"39,580,000","23,496,503.497","40,507,317.073","7,907,000","-2,484,000","11,508,000","22,027,325.581","13,925,327.511","29,446,285.714","-33,968,000","27,335,092.348","7,019,000","14,252,000","-4,143,000","15,765,000","-4,350,000","-21,281,000","-8,408,000","-1,886,274.51","-3,900,000","1,856,250","-2,145,214.521","2,594,181.818","2,050,179.211","-2,648,849.797","-849,612.403","4,140,000","-13,360,000","-29,540,000","-8,220,000","-18,795,000","-7,815,000","-10,970,000","840,000","9,545,762.712","-220,000","103,850,000","-27,740,000","5,250,000","-8,110,000","-10,045,000","-16,165,000","-8,250,000","-5,475,000","15,273,170.732","43,475,000","24,337,500","-1,330,000","-11,755,000","-9,126,923.077","-13,420,000","-27,190,000","-36,486,776.86","-27,704,895.105","-14,564,893.918","-15,230,000","24,138,000","-6,655,000","18,817,977.528","-8,720,000","-22,593,777.778","-11,730,000","6,209,665.428","-12,697,297.297","-17,621,778.584","-13,520,000","-33,520,000","-70,120,000","-104,960,000","-33,345,049.505","-36,699,300.699","-27,180,000","-14,980,000","-10,600,000","-40,920,000","-23,083,464.567","-37,998,816.568","-114,960,000","-163,840,000","-98,000,000","-205,004,777.208","-479,627,808.05","-1,345,040,000","-977,920,000","-1,863,603,105.353","-2,097,760,000","-863,720,000","-986,540,000","-261,660,000","-190,440,000","-119,380,000","-113,900,000","-66,360,000","12,520,218.579","7,800,000","9,093,750","-104,052,371.134","7,883,076.923","4,180,000","5,683,333.333","8,240,000","-35,040,000","2,426,086.957","3,031,578.947","1,240,000","2,352,380.952","1,628,571.429","1,200,000","1,250,000","1,038,888.889","771,428.571","636,363.636","350,000","437,500","533,333.333","400,000","-200,000","-200,000","-200,000","-200,000","300,000","300,000","300,000","200,000"
InterestIncome,"5,200,000","600,000","1,100,000","1,400,000","2,100,000",,"1,100,000","600,000","-2,200,000","5,300,000","1,300,000","2,700,000","3,600,000","900,000","1,700,000","1,900,000","9,300,000","3,500,000","2,900,000","200,000","1,000,000","5,000,000","3,800,000","1,300,000","4,500,000","800,000","1,700,000","-1,100,000","3,400,000","300,000","400,000","500,000","3,300,000","600,000","400,000","-600,000","6,400,000","-900,000","-2,400,000","-500,000","2,600,000","100,000",,,,,,"1,000,000",,"4,300,000","2,300,000","3,200,000","2,200,000","22,200,000",,,,,,,,,,,,,,,,,,,,,,,,,,,,,,,,,,,,,,,,,,,,,,,,,,,,,,,,,,,,,,,,,,,,,,
InterestExpense,"42,400,000","6,400,000","7,100,000","3,600,000","9,100,000","9,900,000","9,000,000","9,000,000","8,600,000","8,400,000","8,400,000","8,300,000","8,100,000","8,000,000","8,100,000","10,100,000","11,700,000","11,400,000","11,700,000","12,500,000","13,900,000","10,700,000","9,400,000","9,200,000","9,000,000","9,100,000","8,800,000","9,900,000","8,600,000","8,600,000","8,500,000","8,300,000","8,400,000","7,700,000","8,400,000","5,800,000","-1,200,000","5,100,000","7,500,000","6,600,000","7,200,000","6,900,000","6,600,000","6,600,000","6,500,000","6,200,000","6,400,000","6,300,000","6,200,000","5,900,000","6,300,000","5,900,000","1,700,000","1,900,000",,,,,,,,,,,,,,,,,,,,,,,,,,,,,,,,,,,,,,,,,,,,,,,,,,,,,,,,,,,,,,,,,,,,,,
NetInterestIncome,"-37,200,000","-5,800,000","-6,000,000","-2,200,000","-7,000,000","-9,900,000","-7,900,000","-8,400,000","-10,800,000","-3,100,000","-7,100,000","-5,600,000","-4,500,000","-7,100,000","-6,400,000","-8,200,000","-2,400,000","-7,900,000","-8,800,000","-12,300,000","-12,900,000","-5,700,000","-5,600,000","-7,900,000","-4,500,000","-8,300,000","-7,100,000","-9,900,000","-5,200,000","-8,300,000","-8,100,000","-7,800,000","-5,100,000","-7,100,000","-8,000,000","-5,800,000","3,900,000","-5,100,000","-7,500,000","-6,600,000","-4,600,000","-6,800,000","-6,600,000","-6,600,000","-4,100,000","-6,200,000","-6,400,000","-5,300,000","-16,000,000","-1,600,000","-4,000,000","-2,700,000","500,000","20,300,000",,,,,,,,,,,,,,,,,,,,,,,,,,,,,,,,,,,,,,,,,,,,,,,,,,,,,,,,,,,,,,,,,,,,,,
EBIT,"76,600,000","35,000,000","44,000,000","-37,600,000","35,200,000","35,900,000","43,400,000","31,900,000","43,600,000","14,400,000","46,300,000","23,400,000","29,900,000","8,800,000","34,400,000","500,000","-5,900,000","3,800,000","6,600,000","10,200,000","31,500,000","41,000,000","64,400,000","92,900,000","-64,900,000","47,800,000","10,900,000","-2,900,000","-23,800,000","-22,000,000","-7,800,000","4,700,000","-16,400,000","-11,000,000","20,200,000","6,600,000","-22,700,000","-21,300,000","14,900,000","200,000","-12,500,000","-7,400,000","-600,000","4,200,000","18,800,000","12,700,000","35,200,000","4,300,000","9,700,000","-7,100,000","-11,400,000","-24,100,000","-58,800,000","-83,900,000","-714,900,000","-14,000,000","-94,700,000","-24,200,000","13,000,000","-20,400,000","-33,400,000","-24,500,000","-10,000,000","-31,500,000","-60,000,000","-30,200,000","-36,600,000","-65,800,000","-101,000,000","-43,100,000","-42,900,000","-28,000,000","-19,400,000","-35,200,000","-68,900,000","-42,700,000","-57,400,000","-98,900,000","-132,800,000","-489,900,000","-1,024,400,000","-4,377,900,000","-1,920,900,000","-675,500,000","-52,122,500,000","-1,895,300,000","-805,200,000","-936,200,000","-153,800,000","-139,500,000","-98,000,000","-113,100,000","22,200,000","17,900,000","14,200,000","13,500,000","-104,600,000","12,300,000","10,500,000","8,800,000","7,700,000","-33,100,000","3,700,000","4,800,000","4,900,000","3,700,000","2,400,000","1,900,000","2,200,000","1,600,000","1,200,000","1,100,000","700,000","700,000","900,000","700,000","-21,800,000","6,800,000","6,800,000","6,800,000","-18,000,000","6,600,000","6,600,000","6,600,000"
EBITDA,"162,600,000"
ReconciledCostOfRevenue,"442,600,000","108,900,000","108,000,000","115,000,000","110,700,000","103,900,000","102,600,000","98,300,000","94,100,000","91,100,000","105,900,000","107,200,000","101,600,000","93,800,000","110,600,000","98,800,000","105,300,000","80,700,000","73,300,000","66,500,000","68,500,000","68,700,000","70,500,000","74,000,000","75,400,000","76,900,000","77,000,000","71,300,000","205,200,000","195,400,000","204,900,000","204,700,000","209,500,000","204,100,000","215,000,000","214,600,000","211,500,000","216,000,000","208,900,000","214,000,000","224,100,000","207,500,000","205,000,000","206,600,000","236,700,000","223,400,000","229,500,000","203,000,000","185,100,000","157,200,000","173,300,000","148,600,000","133,700,000","135,500,000","190,400,000","200,800,000","170,800,000","208,900,000","198,800,000","194,200,000","181,700,000","211,500,000","210,400,000","186,100,000","181,400,000","191,700,000","191,900,000","190,000,000","132,100,000","130,400,000","140,800,000","141,100,000","126,000,000","111,300,000","107,200,000","103,800,000","109,000,000","108,400,000","134,100,000","150,400,000","111,700,000","146,600,000","210,700,000","240,600,000","832,700,000","449,300,000","411,800,000","404,800,000","264,600,000","183,500,000","131,700,000","117,900,000","35,200,000","28,300,000","29,400,000","21,300,000","23,700,000","20,100,000","19,600,000","18,600,000","17,100,000","13,300,000","11,200,000","11,100,000","10,500,000","9,300,000","7,800,000","6,600,000","6,300,000","6,000,000","5,500,000","5,000,000","4,800,000","4,700,000","5,100,000","4,500,000",,,,,,,,
ReconciledDepreciation,"86,000,000","21,900,000","18,900,000","19,500,000","25,700,000","25,800,000","25,300,000","25,500,000","26,600,000","27,200,000","27,100,000","26,900,000","27,300,000","27,100,000","28,700,000","29,100,000","32,500,000","19,500,000","15,800,000","15,600,000","14,000,000","13,800,000","14,700,000","15,200,000","16,100,000","15,800,000","17,000,000","21,700,000","32,700,000","35,900,000","36,700,000","34,700,000","34,700,000","34,400,000","30,500,000","31,900,000","36,000,000","37,100,000","33,700,000","37,800,000","39,800,000","39,500,000","40,000,000","38,500,000","38,600,000","38,900,000","38,200,000","37,500,000","40,400,000","37,200,000","37,900,000","39,100,000","34,500,000","36,800,000","36,800,000","36,300,000","86,900,000","37,400,000","36,100,000","35,700,000","64,000,000","31,800,000","25,700,000","40,400,000","47,800,000","24,000,000","32,400,000","29,000,000","16,200,000","15,900,000","14,700,000","15,200,000","13,400,000","13,600,000","15,000,000","15,700,000","16,500,000","38,200,000","32,400,000","43,000,000","190,800,000","467,200,000","566,200,000","546,000,000","1,139,700,000","2,173,900,000","1,142,100,000","1,139,300,000","309,700,000","268,200,000","192,600,000","180,200,000","8,600,000","11,900,000","4,100,000","6,100,000","4,100,000","2,100,000","2,500,000","1,400,000","1,100,000","1,400,000","1,100,000","1,100,000","700,000","500,000","500,000","400,000","400,000","300,000","300,000","200,000","300,000","200,000","200,000","200,000",,,,,,,,
NetIncomeFromContinuingOperationNetMinorityInterest,"-19,100,000","19,200,000","34,600,000","-54,800,000","-1,900,000","11,800,000","21,900,000","14,300,000","26,700,000","-32,800,000","28,000,000","6,800,000","12,500,000","-4,800,000","15,400,000","-15,300,000","-28,800,000","-8,700,000","-3,700,000","-4,800,000","12,100,000","26,000,000","49,200,000","78,000,000","-67,500,000","27,400,000","3,300,000","-13,600,000","-40,100,000","-13,200,000","-25,100,000","-9,700,000","-25,400,000","-1,500,000","8,800,000","300,000","91,500,000","-28,000,000","3,300,000","-9,800,000","-22,200,000","-17,400,000","-10,200,000","-5,800,000","9,300,000","38,600,000","23,600,000","100,000","1,700,000","-11,300,000","-19,400,000","-30,700,000","-59,500,000","-85,200,000","-705,300,000","-16,400,000","-29,800,000","-6,200,000","21,200,000","-6,900,000","-17,900,000","-14,200,000","23,200,000","-17,400,000","-45,800,000","3,700,000","-42,100,000","-67,000,000","-145,700,000","-38,600,000","-41,000,000","-36,000,000","-21,700,000","-7,300,000","-58,500,000","-25,200,000","-61,600,000","-136,800,000","-214,900,000","-520,500,000","-1,042,500,000","-4,340,900,000","-2,130,500,000","-1,224,400,000","-52,916,700,000","-1,293,100,000","-895,400,000","-1,016,600,000","-418,800,000","-240,900,000","-131,200,000","-113,900,000","-194,400,000","12,800,000","4,500,000","9,700,000","-96,400,000","8,400,000","700,000","6,200,000","8,900,000","-34,500,000","3,100,000","3,600,000","-2,900,000","2,600,000","1,900,000","1,200,000","-2,000,000","1,100,000","900,000","700,000","700,000","500,000","600,000","400,000","-200,000","-200,000","-200,000","-200,000","300,000","300,000","300,000","200,000"
TotalUnusualItemsExcludingGoodwill,"-97,800,000","-6,400,000","-6,300,000","-85,900,000","800,000","400,000","-200,000","600,000","-3,600,000","1,600,000","900,000","-300,000","-2,400,000","-900,000","-500,000","-15,000,000","-10,300,000","-400,000","-2,500,000","-1,500,000","14,900,000","32,800,000","52,100,000","81,500,000","-71,000,000","39,900,000","-1,400,000","-400,000","-17,600,000","-8,300,000","-9,700,000","-2,900,000","-22,200,000","-3,600,000","-1,000,000","800,000","-19,000,000","-400,000","-3,000,000","-2,600,000","-18,700,000","-1,900,000","-3,000,000","-500,000","-7,900,000","-7,500,000","-900,000","2,200,000","20,700,000","-2,500,000","-9,200,000","-5,400,000","-23,400,000","-57,900,000","-692,400,000","-1,800,000","-54,300,000","700,000","3,000,000","2,800,000","5,900,000","-3,800,000","19,700,000","-5,000,000","-33,900,000","28,700,000","-14,300,000","5,200,000","-67,900,000","-5,500,000","-4,500,000","-14,700,000","-11,200,000","5,500,000","-29,300,000","-3,200,000","-25,900,000","-36,400,000","-85,100,000","-422,500,000","-924,900,000","-3,885,200,000","-1,309,100,000","-410,800,000","-52,176,200,000","1,341,100,000","-52,800,000","-50,100,000","-261,900,000","-84,100,000","-19,700,000",,"-213,400,000","400,000","-5,500,000","900,000","7,700,000","800,000","-5,800,000","800,000","1,100,000","900,000","1,000,000","900,000","-6,900,000","400,000","400,000",,"-5,200,000","100,000","200,000","100,000","500,000","100,000","100,000",,,,,,,,,
TotalUnusualItems,"-97,800,000","-6,400,000","-6,300,000","-85,900,000","800,000","400,000","-200,000","600,000","-3,600,000","1,600,000","900,000","-300,000","-2,400,000","-900,000","-500,000","-15,000,000","-10,300,000","-400,000","-2,500,000","-1,500,000","14,900,000","32,800,000","52,100,000","81,500,000","-71,000,000","39,900,000","-1,400,000","-400,000","-17,600,000","-8,300,000","-9,700,000","-2,900,000","-22,200,000","-3,600,000","-1,000,000","800,000","-19,000,000","-400,000","-3,000,000","-2,600,000","-18,700,000","-1,900,000","-3,000,000","-500,000","-7,900,000","-7,500,000","-900,000","2,200,000","20,700,000","-2,500,000","-9,200,000","-5,400,000","-23,400,000","-57,900,000","-692,400,000","-1,800,000","-54,300,000","700,000","3,000,000","2,800,000","5,900,000","-3,800,000","19,700,000","-5,000,000","-33,900,000","28,700,000","-14,300,000","5,200,000","-67,900,000","-5,500,000","-4,500,000","-14,700,000","-11,200,000","5,500,000","-29,300,000","-3,200,000","-25,900,000","-36,400,000","-85,100,000","-422,500,000","-924,900,000","-3,885,200,000","-1,309,100,000","-410,800,000","-52,176,200,000","1,341,100,000","-52,800,000","-50,100,000","-261,900,000","-84,100,000","-19,700,000",,"-213,400,000","400,000","-5,500,000","900,000","7,700,000","800,000","-5,800,000","800,000","1,100,000","900,000","1,000,000","900,000","-6,900,000","400,000","400,000",,"-5,200,000","100,000","200,000","100,000","500,000","100,000","100,000",,,,,,,,,
NormalizedEBITDA,"260,400,000","63,300,000","69,200,000","67,800,000","60,100,000","61,300,000","68,900,000","56,800,000","73,800,000","40,000,000","72,500,000","50,600,000","59,600,000","36,800,000","63,600,000","44,600,000","36,900,000","23,700,000","24,900,000","27,300,000","30,600,000","22,000,000","27,000,000","26,600,000","22,200,000","23,700,000","29,300,000","19,200,000","26,500,000","22,200,000","38,600,000","42,300,000","40,500,000","27,000,000","51,700,000","37,700,000","32,300,000","16,200,000","51,600,000","40,600,000","46,000,000","34,000,000","42,400,000","43,200,000","65,300,000","59,100,000","74,300,000","39,600,000","29,400,000","32,600,000","35,700,000","20,400,000","-900,000","10,800,000","14,300,000","24,100,000","46,500,000","12,500,000","46,100,000","12,500,000","24,700,000","11,100,000","-4,000,000","13,900,000","21,700,000","-34,900,000","10,100,000","-42,000,000","-16,900,000","-21,700,000","-23,700,000","1,900,000","5,200,000","-27,100,000","-24,600,000","-23,800,000","-15,000,000","-24,300,000","-15,300,000","-24,400,000","91,300,000","-25,500,000","-45,600,000","281,300,000","1,193,400,000","-1,062,500,000","389,700,000","253,200,000","417,800,000","212,800,000","114,300,000","67,100,000","244,200,000","29,400,000","23,800,000","18,700,000","-108,200,000","13,600,000","18,800,000","9,400,000","7,700,000","-32,600,000","3,800,000","5,000,000","12,500,000","3,800,000","2,500,000","2,300,000","7,800,000","1,800,000","1,300,000","1,200,000","500,000","800,000","1,000,000","900,000","-21,800,000","6,800,000","6,800,000","6,800,000","-18,000,000","6,600,000","6,600,000","6,600,000"
TaxRateForCalcs,"0.4","0.329","0.062","0.27","0.27","0.27","0.363","0.376","0.237","0.27","0.261","0.27","0.27","0.27","0.27","0.27","0.27","0.27","0.275","0.4","0.313","0.142","0.105","0.068","0.087","0.292","0.4","0.4","0.4","0.4","0.35","0.35","0.35","0.35","0.254","0.35","0.35","0.35","0.35","0.35","0.35","0.35","0.35","0.35","0.244","0.35","0.181","0.35","0.35","0.131","0.35","0.35","0.017","0.007","0.002","0.35","0.007","0.35","0.206","0.35","0.204","0.35","0.138","0.059","0.169","0.4","0.4","0.4","0.4","0.045","0.044","0.4","0.4","0.4","0.4","0.339","0.089","0.4","0.4","0","0.095","0.006","0.4","0.4","0.022","0.4","0.4","0.4","0.4","0.4","0.4","0.4","0.4","0.301","0.4","0.326","0.006","0.354","0.4","0.354","0.4","0.4","0.326","0.368","0.4","0.381","0.321","0.368","0.375","0.389","0.357","0.364","0.3","0.375","0.333","0.333","0.4","0.4","0.4","0.4","0.4","0.4","0.4","0.4"
TaxEffectOfUnusualItems,"-39,120,000","-2,103,496.503","-392,682.927","-23,193,000","216,000","108,000","-72,674.419","225,327.511","-853,714.286","432,000","235,092.348","-81,000","-648,000","-243,000","-135,000","-4,050,000","-2,781,000","-108,000","-686,274.51","-600,000","4,656,250","4,654,785.479","5,494,181.818","5,550,179.211","-6,148,849.797","11,650,387.597","-560,000","-160,000","-7,040,000","-3,320,000","-3,395,000","-1,015,000","-7,770,000","-1,260,000","-254,237.288","280,000","-6,650,000","-140,000","-1,050,000","-910,000","-6,545,000","-665,000","-1,050,000","-175,000","-1,926,829.268","-2,625,000","-162,500","770,000","7,245,000","-326,923.077","-3,220,000","-1,890,000","-386,776.86","-404,895.105","-1,664,893.918","-630,000","-362,000","245,000","617,977.528","980,000","1,206,222.222","-1,330,000","2,709,665.428","-297,297.297","-5,721,778.584","11,480,000","-5,720,000","2,080,000","-27,160,000","-245,049.505","-199,300.699","-5,880,000","-4,480,000","2,200,000","-11,720,000","-1,083,464.567","-2,298,816.568","-14,560,000","-34,040,000","0","-87,404,777.208","-23,927,808.05","-523,640,000","-164,320,000","-1,123,103,105.353","536,440,000","-21,120,000","-20,040,000","-104,760,000","-33,640,000","-7,880,000","0","-85,360,000","120,218.579","-2,200,000","293,750","47,628.866","283,076.923","-2,320,000","283,333.333","440,000","360,000","326,086.957","331,578.947","-2,760,000","152,380.952","128,571.429","0","-1,950,000","38,888.889","71,428.571","36,363.636","150,000","37,500","33,333.333","0","0","0","0","0","0","0","0","0"