name,ttm,03/31/2022,12/31/2021,09/30/2021,06/30/2021,03/31/2021,12/31/2020,09/30/2020,06/30/2020,03/31/2020
TotalRevenue,"410,610,000","108,354,000","106,120,000","100,090,000","96,046,000","89,422,000","83,786,000","75,130,000","67,334,000","56,968,000"
	OperatingRevenue,"410,610,000","108,354,000","106,120,000","100,090,000","96,046,000","89,422,000","83,786,000","75,130,000","67,334,000","56,968,000"
CostOfRevenue,"104,337,000","26,756,000","26,621,000","25,189,000","25,771,000","24,956,000","24,951,000","22,869,000","22,899,000","18,358,000"
GrossProfit,"306,273,000","81,598,000","79,499,000","74,901,000","70,275,000","64,466,000","58,835,000","52,261,000","44,435,000","38,610,000"
OperatingExpense,"387,946,000","107,853,000","103,090,000","86,415,000","90,587,000","70,064,000","62,542,000","59,792,000","56,781,000","55,803,000"
	SellingGeneralAndAdministration,"262,983,000","71,768,000","71,079,000","58,380,000","61,756,000","46,587,000","44,048,000","36,597,000","37,502,000","37,329,000"
		GeneralAndAdministrativeExpense,"99,205,000","28,612,000","28,495,000","20,590,000","21,508,000","14,518,000","15,705,000","10,954,000","10,983,000","12,204,000"
			SalariesAndWages,,,,,"7,280,000","2,850,000",,,,"1,395,000"
			OtherGandA,"99,205,000","28,612,000","28,495,000","20,590,000","21,508,000","14,518,000","15,705,000","10,954,000","10,983,000","12,204,000"
		SellingAndMarketingExpense,"163,778,000","43,156,000","42,584,000","37,790,000","40,248,000","32,069,000","28,343,000","25,643,000","26,519,000","25,125,000"
	ResearchAndDevelopment,"118,529,000","34,418,000","30,365,000","26,683,000","27,062,000","21,475,000","16,207,000","16,476,000","16,262,000","15,293,000"
	DepreciationAmortizationDepletionIncomeStatement,"6,434,000","1,667,000","1,646,000","1,352,000","1,769,000","2,002,000","2,287,000","6,719,000","3,017,000","3,181,000"
		DepreciationAndAmortizationInIncomeStatement,"6,434,000","1,667,000","1,646,000","1,352,000","1,769,000","2,002,000","2,287,000","6,719,000","3,017,000","3,181,000"
			DepreciationIncomeStatement,"1,184,000","376,000","326,000","297,000","186,000","115,000","194,000","106,000","102,000","58,000"
			Amortization,"5,250,000","1,291,000","1,320,000","1,055,000","1,583,000","1,887,000","2,093,000","6,613,000","2,915,000","3,123,000"
				AmortizationOfIntangiblesIncomeStatement,"5,250,000","1,291,000","1,320,000","1,055,000","1,583,000","1,887,000","2,093,000","6,613,000","2,915,000","3,123,000"
OperatingIncome,"-81,673,000","-26,255,000","-23,591,000","-11,514,000","-20,312,000","-5,598,000","-3,707,000","-7,531,000","-12,346,000","-17,193,000"
NetNonOperatingInterestIncomeExpense,"-495,000","-121,000","-128,000","-124,000","-122,000","-790,000","-2,131,000","-2,160,000","-2,372,000","-2,453,000"
	InterestExpenseNonOperating,"495,000","121,000","128,000","124,000","122,000","790,000","2,131,000","2,160,000","2,372,000","2,453,000"
OtherIncomeExpense,"496,000","341,000","76,000","-64,000","142,000","10,086,000","227,000","89,000","-164,000","-59,000"
	OtherNonOperatingIncomeExpenses,"496,000","341,000","76,000","-64,000","142,000","10,086,000","227,000","89,000","-164,000","-59,000"
PretaxIncome,"-81,672,000","-26,035,000","-23,643,000","-11,702,000","-20,292,000","3,698,000","-5,611,000","-9,602,000","-14,882,000","-19,705,000"
TaxProvision,"966,000","523,000","380,000","-37,000","100,000","385,000","174,000","205,000","-106,000","555,000"
NetIncomeCommonStockholders,"-82,638,000","-26,558,000","-24,023,000","-11,665,000","-20,392,000","3,313,000","-5,785,000","-9,807,000","-14,776,000","-20,260,000"
	NetIncome,"-82,638,000","-26,558,000","-24,023,000","-11,665,000","-20,392,000","3,313,000","-5,785,000","-9,807,000","-14,776,000","-20,260,000"
		NetIncomeIncludingNoncontrollingInterests,"-82,638,000","-26,558,000","-24,023,000","-11,665,000","-20,392,000","3,313,000","-5,785,000","-9,807,000","-14,776,000","-20,260,000"
			NetIncomeContinuousOperations,"-82,638,000","-26,558,000","-24,023,000","-11,665,000","-20,392,000","3,313,000","-5,785,000","-9,807,000","-14,776,000","-20,260,000"
DilutedNIAvailtoComStockholders,"-82,638,000","-26,558,000","-24,023,000","-11,665,000","-20,392,000","3,313,000","-5,785,000","-9,807,000","-14,776,000","-20,260,000"
BasicEPS,,"-0.16","-0.15","-0.07","-0.13","0.02",,"-0.06","-0.09","-0.123"
DilutedEPS,,"-0.16","-0.15","-0.07","-0.13","0.02",,"-0.06","-0.09","-0.123"
BasicAverageShares,,"161,312,000","160,658,000","160,064,000","159,418,000","164,251,550",,"164,251,552","164,251,552","164,251,552"
DilutedAverageShares,,"161,312,000","160,658,000","160,064,000","159,418,000","164,251,550",,"164,251,552","164,251,552","164,251,552"
TotalOperatingIncomeAsReported,"-81,673,000","-26,255,000","-23,591,000","-11,514,000","-20,312,000","-5,598,000","-3,707,000","-7,531,000","-12,346,000","-17,193,000"
TotalExpenses,"492,283,000","134,609,000","129,711,000","111,604,000","116,358,000","95,020,000","87,493,000","82,661,000","79,680,000","74,161,000"
NetIncomeFromContinuingAndDiscontinuedOperation,"-82,638,000","-26,558,000","-24,023,000","-11,665,000","-20,392,000","3,313,000","-5,785,000","-9,807,000","-14,776,000","-20,260,000"
NormalizedIncome,"-82,638,000","-26,558,000","-24,023,000","-11,665,000","-20,392,000","3,313,000","-5,785,000","-9,807,000","-14,776,000","-20,260,000"
InterestExpense,"495,000","121,000","128,000","124,000","122,000","790,000","2,131,000","2,160,000","2,372,000","2,453,000"
NetInterestIncome,"-495,000","-121,000","-128,000","-124,000","-122,000","-790,000","-2,131,000","-2,160,000","-2,372,000","-2,453,000"
EBIT,"-81,177,000","-25,914,000","-23,515,000","-11,578,000","-20,170,000","4,488,000","-3,480,000","-7,442,000","-12,510,000","-17,252,000"
EBITDA,"-74,743,000"
ReconciledCostOfRevenue,"104,337,000","26,756,000","26,621,000","25,189,000","25,771,000","24,956,000","24,951,000","22,869,000","22,899,000","18,358,000"
ReconciledDepreciation,"6,434,000","1,667,000","1,646,000","1,352,000","1,769,000","2,002,000","2,287,000","6,719,000","3,017,000","3,181,000"
NetIncomeFromContinuingOperationNetMinorityInterest,"-82,638,000","-26,558,000","-24,023,000","-11,665,000","-20,392,000","3,313,000","-5,785,000","-9,807,000","-14,776,000","-20,260,000"
NormalizedEBITDA,"-74,743,000","-24,247,000","-21,869,000","-10,226,000","-18,401,000","6,490,000","-1,193,000","-723,000","-9,493,000","-14,071,000"
TaxRateForCalcs,"0.4","0.4","0.27","0.003","0.27","0.1","0.27","0.27","0.01","0.27"
TaxEffectOfUnusualItems,"0","0","0","0","0","0","0","0","0","0"