name,ttm,03/31/2022,12/31/2021,09/30/2021,06/30/2021,03/31/2021,12/31/2020,09/30/2020,06/30/2020,03/31/2020,12/31/2019,09/30/2019,06/30/2019,03/31/2019,12/31/2018,09/30/2018,06/30/2018,03/31/2018,12/31/2017,09/30/2017,06/30/2017,03/31/2017,12/31/2016,09/30/2016,06/30/2016,03/31/2016,12/31/2015,09/30/2015,06/30/2015,03/31/2015,12/31/2014,09/30/2014,06/30/2014,03/31/2014,12/31/2013,09/30/2013,06/30/2013,03/31/2013,12/31/2012,09/30/2012,06/30/2012,03/31/2012,12/31/2011,09/30/2011,06/30/2011,03/31/2011,12/31/2010,09/30/2010,06/30/2010,03/31/2010,12/31/2009,09/30/2009,06/30/2009,03/31/2009,12/31/2008,09/30/2008,06/30/2008,03/31/2008,12/31/2007,09/30/2007,06/30/2007,03/31/2007,12/31/2006,09/30/2006,06/30/2006,03/31/2006,12/31/2005,09/30/2005,06/30/2005,03/31/2005
TotalRevenue,"266,205,000","60,192,000","68,019,000","70,095,000","67,899,000","62,669,000","67,653,000","60,308,000","62,207,000","58,000,000","60,930,000","59,485,000","59,060,000","47,713,000","53,041,000","49,135,000","47,350,000","43,592,000","44,276,000","41,336,000","42,056,000","37,415,000","38,244,000","38,482,000","36,029,000","33,262,000","31,849,000","28,344,000","27,582,000","22,150,000","15,369,000","14,782,000","10,862,000","9,143,000","8,783,000","8,709,000","8,319,000","8,068,000","7,920,000","8,288,000","8,378,000","8,141,000","8,370,000","7,969,000","7,430,000","7,501,000","7,752,046","7,246,321","8,289,811","12,420,822","4,547,744","0","0","0",,,,,,,,,,,,,,,,
	OperatingRevenue,"266,205,000","60,192,000","68,019,000","70,095,000","67,899,000","62,669,000","67,653,000","60,308,000","62,207,000","58,000,000","60,930,000","59,485,000","59,060,000","47,713,000","53,041,000","49,135,000","47,350,000","43,592,000","44,276,000","41,336,000","42,056,000","37,415,000","38,244,000","38,482,000","36,029,000","33,262,000","31,849,000","28,344,000","27,582,000","22,150,000","15,369,000","14,782,000","10,862,000","9,143,000","8,783,000","8,709,000","8,319,000","8,068,000","7,920,000","8,288,000","8,378,000","8,141,000","8,370,000","7,969,000","7,430,000","7,501,000","7,752,046","7,246,321","8,289,811","12,420,822","4,547,744","0","0","0",,,,,,,,,,,,,,,,
CostOfRevenue,"25,264,000","5,665,000","6,236,000","6,797,000","6,566,000","6,030,000","6,412,000","5,898,000","5,847,000","5,207,000","6,225,000","6,782,000","6,368,000","5,113,000","5,667,000","5,068,000","5,213,000","4,560,000","4,791,000","4,525,000","4,529,000","4,003,000","5,272,000","6,990,000","6,494,000","5,956,000","6,171,000","6,510,000","5,766,000","5,015,000","682,000","703,000","198,000",,"0",,,,"129,000","0","0","0","0","0","0","0","-1,117,835","376,792","1,888,124","1,743,919","2,291,482","376,792","229,352","0",,,,,,,,,,,,,,,,
GrossProfit,"240,941,000","54,527,000","61,783,000","63,298,000","61,333,000","56,639,000","61,241,000","54,410,000","56,360,000","52,793,000","54,705,000","52,703,000","52,692,000","42,600,000","47,374,000","44,067,000","42,137,000","39,032,000","39,485,000","36,811,000","37,527,000","33,412,000","32,972,000","31,492,000","29,535,000","27,306,000","25,678,000","21,834,000","21,816,000","17,135,000","14,687,000","14,079,000","10,664,000",,"8,783,000",,,,"7,791,000","8,288,000","8,378,000","8,141,000","8,370,000","7,969,000","7,430,000","7,501,000","8,869,881","6,869,529","6,401,687","10,676,903","2,256,262","-376,792","-229,352","0",,,,,,,,,,,,,,,,
OperatingExpense,"216,786,000","62,196,000","53,147,000","52,479,000","48,964,000","46,298,000","50,790,000","46,668,000","47,189,000","52,918,000","50,462,000","41,944,000","42,797,000","44,687,000","38,224,000","37,834,000","38,224,000","36,590,000","41,635,000","41,734,000","39,451,000","41,318,000","33,626,000","32,145,000","34,324,000","39,781,000","40,571,000","31,375,000","27,274,000","27,428,000","22,610,000","15,527,000","32,270,000","35,721,000","16,450,000","14,114,000","11,428,000","12,287,000","14,219,000","13,683,000","16,463,000","16,458,000","14,278,000","11,262,000","8,943,000","7,494,000","8,079,116","6,125,773","5,245,492","4,529,618","11,498,358","7,358,418","12,183,912","6,557,375","7,654,661","11,192,687","13,935,894","20,061,879","22,047,673","23,521,894","17,643,200","16,825,608","12,407,213","12,807,234","22,080,492","18,413,502","7,057,941","5,757,142","5,533,930","5,937,640"
	SellingGeneralAndAdministration,"135,098,000","40,848,000","33,447,000","32,456,000","28,347,000","29,797,000","35,571,000","34,001,000","33,917,000","37,021,000","37,018,000","30,221,000","31,468,000","31,029,000","24,922,000","26,047,000","27,960,000","26,822,000","31,049,000","31,124,000","31,371,000","30,297,000","23,907,000","21,908,000","24,682,000","29,290,000","28,881,000","18,458,000","18,386,000","18,806,000","17,323,000","11,290,000","28,139,000","27,893,000","9,851,000","5,711,000","5,074,000","3,958,000","3,225,000","3,147,000","3,601,000","3,909,000","3,345,000","2,711,000","2,572,000","2,858,000","2,762,498","2,053,584","2,841,947","2,488,971","9,245,315","5,266,434","4,988,317","4,224,031","4,095,118","7,400,263","8,454,985","8,959,214","9,472,938","9,647,646","7,449,375","6,233,549","4,467,225","3,264,849","2,980,642","2,924,948","1,808,891","1,664,902","1,862,407","2,059,838"
		GeneralAndAdministrativeExpense,,,,,,,,,,,,,,,,,,,,,,,,,,,,,,,,,,,"9,851,000","5,711,000","5,074,000","3,958,000","3,225,000",,,,,,,,,,,,,,,,,,,,,,,,,,,,,,,
			SalariesAndWages,,,,,,,,,,,,,,,,,,,,,,,,,,,,,,,,,,,"2,818,000","2,354,000","1,374,000","1,456,000",,,,,,,,,,,,,,,,,,,,,,,,,,,,,,,,
			OtherGandA,,,,,,,,,,,,,,,,,,,,,,,,,,,,,,,,,,,"7,033,000","3,357,000","3,700,000","2,502,000","3,225,000",,,,,,,,,,,,,,,,,,,,,,,,,,,,,,,
	ResearchAndDevelopment,"80,201,000","20,969,000","19,331,000","19,653,000","20,248,000","16,131,000","14,849,000","12,298,000","12,903,000","15,527,000","13,074,000","11,347,000","10,950,000","13,278,000","12,922,000","11,390,000","9,866,000","9,416,000","10,154,000","10,178,000","7,648,000","10,567,000","7,614,000","7,294,000","6,700,000","7,548,000","8,747,000","9,974,000","5,946,000","4,478,000","4,751,000","3,701,000","3,514,000","7,263,000","6,222,000","8,026,000","5,982,000","7,960,000","10,617,000","10,159,000","12,490,000","12,180,000","10,556,000","8,174,000","5,999,000","4,267,000","3,821,618","4,072,189","2,403,545","2,040,647","2,253,043","2,091,984","7,195,595","2,333,344","3,559,543","3,792,424","5,480,909","11,102,665","12,574,735","13,874,248","10,193,825","10,592,059","7,939,988","9,542,385","19,099,850","15,488,554","5,249,050","4,092,240","3,671,523","3,877,802"
	DepreciationAmortizationDepletionIncomeStatement,"1,487,000","379,000","369,000","370,000","369,000","370,000","370,000","369,000","369,000","370,000","370,000","376,000","379,000","380,000","380,000","397,000","398,000","352,000","432,000","432,000","432,000","454,000","2,105,000","2,943,000","2,942,000","2,943,000","2,943,000","2,943,000","2,942,000","4,144,000","536,000","536,000","617,000","565,000","377,000","377,000","372,000","369,000","377,000","377,000","372,000","369,000","377,000","377,000","372,000","369,000",,,,,,,,,,,,,,,,,,,,,,,,
		DepreciationAndAmortizationInIncomeStatement,"1,487,000","379,000","369,000","370,000","369,000","370,000","370,000","369,000","369,000","370,000","370,000","376,000","379,000","380,000","380,000","397,000","398,000","352,000","432,000","432,000","432,000","454,000","2,105,000","2,943,000","2,942,000","2,943,000","2,943,000","2,943,000","2,942,000","4,144,000","536,000","536,000","617,000","565,000","377,000","377,000","372,000","369,000","377,000","377,000","372,000","369,000","377,000","377,000","372,000","369,000",,,,,,,,,,,,,,,,,,,,,,,,
			Amortization,"1,487,000","379,000","369,000","370,000","369,000","370,000","370,000","369,000","369,000","370,000","370,000","376,000","379,000","380,000","380,000","397,000","398,000","352,000","432,000","432,000","432,000","454,000","2,105,000","2,943,000","2,942,000","2,943,000","2,943,000","2,943,000","2,942,000","4,144,000","536,000","536,000","617,000","565,000","377,000","377,000","372,000","369,000","377,000","377,000","372,000","369,000","377,000","377,000","372,000","369,000",,,,,,,,,,,,,,,,,,,,,,,,
				AmortizationOfIntangiblesIncomeStatement,"1,487,000","379,000","369,000","370,000","369,000","370,000","370,000","369,000","369,000","370,000","370,000","376,000","379,000","380,000","380,000","397,000","398,000","352,000","432,000","432,000","432,000","454,000","2,105,000","2,943,000","2,942,000","2,943,000","2,943,000","2,943,000","2,942,000","4,144,000","536,000","536,000","617,000","565,000","377,000","377,000","372,000","369,000","377,000","377,000","372,000","369,000","377,000","377,000","372,000","369,000",,,,,,,,,,,,,,,,,,,,,,,,
OperatingIncome,"24,155,000","-7,669,000","8,636,000","10,819,000","12,369,000","10,341,000","10,451,000","7,742,000","9,171,000","-125,000","4,243,000","10,759,000","9,895,000","-2,087,000","9,150,000","6,233,000","3,913,000","2,442,000","-2,150,000","-4,923,000","-1,924,000","-7,906,000","-654,000","-653,000","-4,789,000","-12,475,000","-14,893,000","-9,541,000","-5,458,000","-10,293,000","-7,923,000","-1,448,000","-21,606,000","-26,578,000","-7,667,000","-5,405,000","-3,109,000","-4,219,000","-6,428,000","-5,395,000","-8,085,000","-8,317,000","-5,908,000","-3,293,000","-1,513,000","7,000","790,765","743,756","1,156,195","6,147,285","-9,242,096","-7,735,210","-12,413,264","-6,557,375","-7,654,661","-11,192,687","-13,935,894","-20,061,879","-22,047,673","-23,521,894","-17,643,200","-16,825,608","-12,407,213","-12,807,234","-22,080,492","-18,413,502","-7,057,941","-5,757,142","-5,533,930","-5,937,640"
NetNonOperatingInterestIncomeExpense,,,,,,,,,,,,,,,,,,,,,,,,,,,,,,,,,,,,,,,,"69,000","78,000","0","99,000","106,000","121,000","135,000","142,426","155,739","85,433","47,401","4,706","9,842","21,163","53,387",,,,,,,,,,,,,,,,
	InterestIncomeNonOperating,,,,,,,,,,,,,,,,,,,,,,,,,,,,,,,,,,,,,,,,"69,000","78,000","0","99,000","106,000","121,000","135,000","142,426","155,739","85,433","47,401","4,706","9,842","21,163","53,387",,,,,,,,,,,,,,,,
	InterestExpenseNonOperating,,,,,,,,,,,,,,,,,,,,,,,,,,,,,,,,,,,,,,,,,,,,,,,,,,,,"0","0","0",,,,,,,,,,,,,,,,
OtherIncomeExpense,"217,000","105,000","-26,000","-97,000","235,000","87,000","473,000","659,000","1,918,000","1,366,000","1,567,000","1,517,000","1,649,000","1,485,000","1,168,000","1,030,000","788,000","622,000","399,000","396,000","397,000","280,000","154,000","223,000","171,000","117,000","95,000","80,000","72,000","72,000","77,642,000","22,000","31,000","45,000","44,000","25,000","30,000","46,000","59,000",,,"355,000",,,,,,,"85,433",,,,,,,,,,"0","71,345",,,,,,,"0",,,"93"
	SpecialIncomeCharges,,,,,,,,,,,,,,,,,,,,,,,,,,,"0",,,,"77,616,000",,,,,,,,,,,"355,000",,,,,,,"85,433",,"0","0","0",,,,,,"0","71,345",,,,,,,"0","0","0","93"
		OtherSpecialCharges,,,,,,,,,,,,,,,,,,,,,,,,,,,,,,,"-77,616,000",,,,,,,,,,,,,,,,,,,,,,,,,,,,,,,,,,,,,,,
	OtherNonOperatingIncomeExpenses,"217,000","105,000","-26,000","-97,000","235,000","87,000","473,000","659,000","1,918,000","1,366,000","1,567,000","1,517,000","1,649,000","1,485,000","1,168,000","1,030,000","788,000","622,000","399,000","396,000","397,000","280,000","154,000","223,000","171,000","117,000","95,000","80,000","72,000","72,000","26,000","22,000","31,000","45,000","44,000","25,000","30,000","46,000","59,000",,,,,,,,,,,,,,,,,,,,,,,,,,,,,,,
PretaxIncome,"24,372,000","-7,564,000","8,610,000","10,722,000","12,604,000","10,428,000","10,924,000","8,401,000","11,089,000","1,241,000","5,810,000","12,276,000","11,544,000","-602,000","10,318,000","7,263,000","4,701,000","3,064,000","-1,751,000","-4,527,000","-1,527,000","-7,626,000","-500,000","-430,000","-4,618,000","-12,358,000","-14,798,000","-9,461,000","-5,386,000","-10,221,000","69,719,000","-1,426,000","-21,575,000","-26,533,000","-7,623,000","-5,380,000","-3,079,000","-4,173,000","-6,369,000","-5,326,000","-8,007,000","-7,962,000","-5,809,000","-3,187,000","-1,392,000","142,000","933,191","899,495","1,241,628","6,194,686","-9,237,390","-7,725,368","-12,392,101","-6,503,988","-7,504,019","-10,869,211","-13,494,882","-19,196,129","-20,748,597","-21,935,841","-15,983,419","-15,391,954","-11,890,926","-12,124,161","-21,373,084","-18,122,450","-6,836,228","-5,704,888","-5,468,150","-5,867,386"
TaxProvision,"6,300,000","-1,134,000","1,532,000","2,951,000","2,951,000","1,778,000","2,734,000","2,454,000","2,375,000","755,000","1,594,000","-88,147,000","18,000","10,000","-42,000","92,000","90,000","-2,000","87,000","23,000","7,000","19,000","104,000",,,,,,,,,,"0","0","0","0","0","0","0","0","0","0","-286,000","-113,000","-51,000","6,000","-1,265,621","-2,284,987","-37,713","5,665,321","0","0","0","0",,,,,"-191","7,660","1,604","806",,,,,"7,649","0","0","0"
NetIncomeCommonStockholders,"18,072,000","-6,430,000","7,078,000","7,771,000","9,653,000","8,650,000","8,190,000","5,947,000","8,714,000","486,000","4,216,000","100,423,000","11,526,000","-612,000","10,360,000","7,171,000","4,611,000","3,066,000","-1,838,000","-4,550,000","-1,534,000","-7,645,000","-604,000","-430,000","-4,618,000","-12,358,000","-14,798,000","-9,461,000","-5,386,000","-10,221,000","69,719,000","-1,426,000","-21,575,000","-26,533,000","-7,623,000","-5,380,000","-3,079,000","-4,173,000","-6,369,000","-5,326,000","-8,007,000","-7,962,000","-5,523,000","-3,074,000","-1,341,000","136,000","2,198,812","3,184,482","1,279,341","529,365","-9,237,390","-7,725,368","-12,392,101","-6,503,988","-7,504,019","-10,869,211","-13,494,882","-19,196,129","-20,748,406","-21,943,501","-15,985,023","-15,392,760","-11,891,475","-12,124,161","-21,373,084","-18,122,450","-21,830,495","-24,204,893","-5,468,150","-5,867,386"
	NetIncome,"18,072,000","-6,430,000","7,078,000","7,771,000","9,653,000","8,650,000","8,190,000","5,947,000","8,714,000","486,000","4,216,000","100,423,000","11,526,000","-612,000","10,360,000","7,171,000","4,611,000","3,066,000","-1,838,000","-4,550,000","-1,534,000","-7,645,000","-604,000","-430,000","-4,618,000","-12,358,000","-14,798,000","-9,461,000","-5,386,000","-10,221,000","69,719,000","-1,426,000","-21,575,000","-26,533,000","-7,623,000","-5,380,000","-3,079,000","-4,173,000","-6,369,000","-5,326,000","-8,007,000","-7,962,000","-5,523,000","-3,074,000","-1,341,000","136,000","2,198,812","3,184,482","1,279,341","529,365","-9,237,390","-7,725,368","-12,392,101","-6,503,988","-7,504,019","-10,869,211","-13,494,882","-19,196,129","-20,748,406","-21,943,501","-15,985,023","-15,392,760","-11,891,475","-12,124,161","-21,373,084","-18,122,450","-6,843,877","-5,704,888","-5,468,150","-5,867,386"
		NetIncomeIncludingNoncontrollingInterests,"18,072,000","-6,430,000","7,078,000","7,771,000","9,653,000","8,650,000","8,190,000","5,947,000","8,714,000","486,000","4,216,000","100,423,000","11,526,000","-612,000","10,360,000","7,171,000","4,611,000","3,066,000","-1,838,000","-4,550,000","-1,534,000","-7,645,000","-604,000","-430,000","-4,618,000","-12,358,000","-14,798,000","-9,461,000","-5,386,000","-10,221,000","69,719,000","-1,426,000","-21,575,000","-26,533,000","-7,623,000","-5,380,000","-3,079,000","-4,173,000","-6,369,000","-5,326,000","-8,007,000","-7,962,000","-5,523,000","-3,074,000","-1,341,000","136,000","2,198,812","3,184,482","1,279,341","529,365","-9,237,390","-7,725,368","-12,392,101","-6,503,988","-7,504,019","-10,869,211","-13,494,882","-19,196,129","-20,748,406","-21,943,501","-15,985,023","-15,392,760","-11,891,475","-12,124,161","-21,373,084","-18,122,450","-6,843,877","-5,704,888","-5,468,150","-5,867,386"
			NetIncomeContinuousOperations,"18,072,000","-6,430,000","7,078,000","7,771,000","9,653,000","8,650,000","8,190,000","5,947,000","8,714,000","486,000","4,216,000","100,423,000","11,526,000","-612,000","10,360,000","7,171,000","4,611,000","3,066,000","-1,838,000","-4,550,000","-1,534,000","-7,645,000","-604,000","-430,000","-4,618,000","-12,358,000","-14,798,000","-9,461,000","-5,386,000","-10,221,000","69,719,000","-1,426,000","-21,575,000","-26,533,000","-7,623,000","-5,380,000","-3,079,000","-4,173,000","-6,369,000","-5,326,000","-8,007,000","-7,962,000","-5,523,000","-3,074,000","-1,341,000","136,000","2,198,812","3,184,482","1,279,341","529,365","-9,237,390","-7,725,368","-12,392,101","-6,503,988","-7,504,019","-10,869,211","-13,494,882","-19,196,129","-20,748,406","-21,943,501","-15,985,023","-15,392,760","-11,891,475","-12,124,161","-21,373,084","-18,122,450","-6,843,877","-5,704,888","-5,468,150","-5,867,386"
	PreferredStockDividends,,,,,,,,,,,,,,,,,,,,,,,,,,,,,,,,,,,,,,,,,,,,,,,,,,,,,,,,,,,,,,,,,,,"14,986,618","18,500,005",,
DilutedNIAvailtoComStockholders,"18,072,000","-6,430,000","7,078,000","7,771,000","9,653,000","8,650,000","8,190,000","5,947,000","8,714,000","486,000","4,216,000","100,423,000","11,526,000","-612,000","10,360,000","7,171,000","4,611,000","3,066,000","-1,838,000","-4,550,000","-1,534,000","-7,645,000","-604,000","-430,000","-4,618,000","-12,358,000","-14,798,000","-9,461,000","-5,386,000","-10,221,000","69,719,000","-1,426,000","-21,575,000","-26,533,000","-7,623,000","-5,380,000","-3,079,000","-4,173,000","-6,369,000","-5,326,000","-8,007,000","-7,962,000","-5,523,000","-3,074,000","-1,341,000","136,000","2,198,812","3,184,482","1,279,341","529,365","-9,237,390","-7,725,368","-12,392,101","-6,503,988","-7,504,019","-10,869,211","-13,494,882","-19,196,129","-20,748,406","-21,943,501","-15,985,023","-15,392,760","-11,891,475","-12,124,161","-21,373,084","-18,122,450","-21,830,495","-24,204,893","-5,468,150","-5,867,386"
BasicEPS,,"-0.11","0.13","0.14","0.17","0.16",,"0.11","0.16","0.01","0.08","1.88","0.22","-0.01","0.2","0.14","0.09","0.07","-0.04","-0.1","-0.03","-0.17","-0.01","-0.01","-0.11","-0.29","-0.35","-0.22","-0.13","-0.24","1.85","-0.04","-0.64","-0.79","-0.23","-0.17","-0.11","-0.15","-0.23","-0.19","-0.28","-0.28",,"-0.11","-0.05","0",,"0.11","0.05","0.02",,"-0.28","-0.46","-0.24",,"-0.41","-0.51","-0.72",,"-0.82","-0.6","-0.61",,"-0.55","-1.11","-385.61",,"-0.052","-0.012","-0.012"
DilutedEPS,,"-0.11","0.12","0.14","0.17","0.15",,"0.11","0.16","0.01","0.08","1.84","0.21","-0.01","0.19","0.13","0.09","0.06","-0.04","-0.1","-0.03","-0.17","-0.01","-0.01","-0.11","-0.29","-0.35","-0.22","-0.13","-0.24","1.77","-0.04","-0.64","-0.79","-0.23","-0.17","-0.11","-0.15","-0.23","-0.19","-0.28","-0.28",,"-0.11","-0.05","0",,"0.11","0.04","0.02",,"-0.28","-0.46","-0.24",,"-0.41","-0.51","-0.72",,"-0.82","-0.6","-0.61",,"-0.55","-1.11","-385.61",,"-0.052","-0.012","-0.012"
BasicAverageShares,,"56,105,239","55,787,252","55,668,156","55,582,916","55,145,789",,"54,666,128","54,501,308","53,806,317","53,389,950","53,297,298","53,101,499","52,752,774","52,457,275","52,389,012","52,172,982","46,336,430","44,930,832","44,885,287","44,718,597","44,398,359","43,968,730","43,515,404","43,202,751","43,104,462","42,815,291","42,435,405","41,991,578","41,744,948","37,622,884","33,886,845","33,874,625","33,678,706","33,283,705","31,332,993","28,377,254","28,345,555","28,233,409","28,226,743","28,226,743","28,226,743",,"28,107,363","28,103,441","28,101,418",,"28,003,453","27,896,889","27,704,418",,"27,196,694","26,900,841","26,653,478",,"26,650,534","26,649,439","26,648,344",,"26,612,853","26,567,160","25,340,455",,"21,871,542","19,183,660","469,970,000",,"469,970,000","469,970,000","469,970,000"
DilutedAverageShares,,"56,105,239","57,229,805","57,040,736","56,903,340","56,505,087",,"55,209,032","55,081,397","54,870,146","54,973,952","54,541,625","54,579,982","52,752,774","55,216,507","54,709,749","53,945,640","48,225,041","44,930,832","44,885,287","44,718,597","44,398,359","43,968,730","43,515,404","43,202,751","43,104,462","42,815,291","42,435,405","41,991,578","41,744,948","39,421,014","33,886,845","33,874,625","33,678,706","33,283,705","31,332,993","28,377,254","28,345,555","28,233,409","28,226,743","28,226,743","28,226,743",,"28,107,363","28,103,441","28,936,835",,"28,466,532","28,438,118","28,318,754",,"27,196,694","26,900,841","26,653,478",,"26,650,534","26,649,439","26,648,344",,"26,612,853","26,567,160","25,340,455",,"21,871,542","19,183,660","469,970,000",,"469,970,000","469,970,000","469,970,000"
TotalOperatingIncomeAsReported,"24,155,000","-7,669,000","8,636,000","10,819,000","12,369,000","10,341,000","10,451,000","7,742,000","9,171,000","-125,000","4,243,000","10,759,000","9,895,000","-2,087,000","9,150,000","6,233,000","3,913,000","2,442,000","-2,150,000","-4,923,000","-1,924,000","-7,906,000","-654,000","-653,000","-4,789,000","-12,475,000","-14,893,000","-9,541,000","-5,458,000","-10,293,000","69,693,000","-1,448,000","-21,606,000","-26,578,000","-7,667,000","-5,405,000","-3,109,000","-4,219,000","-6,428,000","-5,395,000","-8,085,000","-8,317,000","-5,908,000","-3,293,000","-1,513,000","7,000","790,765","743,756","1,156,195","6,147,285","-9,242,096","-7,735,210","-12,413,264","-6,557,375","-7,654,661","-11,192,687","-13,935,894","-20,061,879","-22,047,673","-23,521,894","-17,643,200","-16,825,608","-12,407,213","-12,807,234","-22,080,492","-18,413,502","-7,057,941","-5,757,142","-5,533,930","-5,937,640"
TotalExpenses,"242,050,000","67,861,000","59,383,000","59,276,000","55,530,000","52,328,000","57,202,000","52,566,000","53,036,000","58,125,000","56,687,000","48,726,000","49,165,000","49,800,000","43,891,000","42,902,000","43,437,000","41,150,000","46,426,000","46,259,000","43,980,000","45,321,000","38,898,000","39,135,000","40,818,000","45,737,000","46,742,000","37,885,000","33,040,000","32,443,000","23,292,000","16,230,000","32,468,000","35,721,000","16,450,000","14,114,000","11,428,000","12,287,000","14,348,000","13,683,000","16,463,000","16,458,000","14,278,000","11,262,000","8,943,000","7,494,000","6,961,281","6,502,565","7,133,616","6,273,537","13,789,840","7,735,210","12,413,264","6,557,375","7,654,661","11,192,687","13,935,894","20,061,879","22,047,673","23,521,894","17,643,200","16,825,608","12,407,213","12,807,234","22,080,492","18,413,502","7,057,941","5,757,142","5,533,930","5,937,640"
NetIncomeFromContinuingAndDiscontinuedOperation,"18,072,000","-6,430,000","7,078,000","7,771,000","9,653,000","8,650,000","8,190,000","5,947,000","8,714,000","486,000","4,216,000","100,423,000","11,526,000","-612,000","10,360,000","7,171,000","4,611,000","3,066,000","-1,838,000","-4,550,000","-1,534,000","-7,645,000","-604,000","-430,000","-4,618,000","-12,358,000","-14,798,000","-9,461,000","-5,386,000","-10,221,000","69,719,000","-1,426,000","-21,575,000","-26,533,000","-7,623,000","-5,380,000","-3,079,000","-4,173,000","-6,369,000","-5,326,000","-8,007,000","-7,962,000","-5,523,000","-3,074,000","-1,341,000","136,000","2,198,812","3,184,482","1,279,341","529,365","-9,237,390","-7,725,368","-12,392,101","-6,503,988","-7,504,019","-10,869,211","-13,494,882","-19,196,129","-20,748,406","-21,943,501","-15,985,023","-15,392,760","-11,891,475","-12,124,161","-21,373,084","-18,122,450","-6,843,877","-5,704,888","-5,468,150","-5,867,386"
NormalizedIncome,"18,072,000","-6,430,000","7,078,000","7,771,000","9,653,000","8,650,000","8,190,000","5,947,000","8,714,000","486,000","4,216,000","100,423,000","11,526,000","-612,000","10,360,000","7,171,000","4,611,000","3,066,000","-1,838,000","-4,550,000","-1,534,000","-7,645,000","-604,000","-430,000","-4,618,000","-12,358,000","-14,798,000","-9,461,000","-5,386,000","-10,221,000","69,719,000","-1,426,000","-21,575,000","-26,533,000","-7,623,000","-5,380,000","-3,079,000","-4,173,000","-6,369,000","-5,326,000","-8,007,000","-8,317,000","-5,523,000","-3,074,000","-1,341,000","136,000","2,198,812","3,184,482","1,223,809.55","529,365","-9,237,390","-7,725,368","-12,392,101","-6,503,988","-7,504,019","-10,869,211","-13,494,882","-19,196,129","-20,748,406","-21,989,875.25","-15,985,023","-15,392,760","-11,891,475","-12,124,161","-21,373,084","-18,122,450","-6,843,877","-5,704,888","-5,468,150","-5,867,479"
InterestIncome,,,,,,,,,,,,,,,,,,,,,,,,,,,,,,,,,,,,,,,,"69,000","78,000","0","99,000","106,000","121,000","135,000","142,426","155,739","85,433","47,401","4,706","9,842","21,163","53,387",,,,,,,,,,,,,,,,
InterestExpense,,,,,,,,,,,,,,,,,,,,,,,,,,,,,,,,,,,,,,,,,,,,,,,,,,,,"0","0","0",,,,,,,,,,,,,,,,
NetInterestIncome,,,,,,,,,,,,,,,,,,,,,,,,,,,,,,,,,,,,,,,,"69,000","78,000","0","99,000","106,000","121,000","135,000","142,426","155,739","85,433","47,401","4,706","9,842","21,163","53,387",,,,,,,,,,,,,,,,
EBIT,"24,155,000","-7,669,000","8,636,000","10,819,000","12,369,000","10,341,000","10,451,000","7,742,000","9,171,000","-125,000","4,243,000","10,759,000","9,895,000","-2,087,000","9,150,000","6,233,000","3,913,000","2,442,000","-2,150,000","-4,923,000","-1,924,000","-7,906,000","-654,000","-653,000","-4,789,000","-12,475,000","-14,893,000","-9,541,000","-5,458,000","-10,293,000","-7,923,000","-1,448,000","-21,606,000","-26,578,000","-7,667,000","-5,405,000","-3,109,000","-4,219,000","-6,428,000","-5,395,000","-8,085,000","-8,317,000","-5,908,000","-3,293,000","-1,513,000","7,000","790,765","743,756","1,156,195","6,147,285","-9,326,487","-7,725,368","-12,392,101","-6,503,988","-5,873,781","-11,192,687","-13,935,894","-20,061,879","-22,047,673","-23,521,894","-17,643,200","-16,825,608","-12,407,213","-12,807,234","-22,080,492","-18,413,502","-7,057,941","-5,757,142","-5,533,930","-5,937,640"
EBITDA,"26,983,000"
ReconciledCostOfRevenue,"23,923,000","5,342,000","5,899,000","6,459,000","6,223,000","5,685,000","6,069,000","5,549,000","5,504,000","4,856,000","5,860,000","6,432,000","6,028,000","4,781,000","5,295,000","4,717,000","4,856,000","4,211,000","4,452,000","4,183,000","4,226,000","3,753,000","4,991,000","6,771,000","6,278,000","5,737,000","6,009,000","6,353,000","5,643,000","4,875,000","548,000","571,000","59,000",,"0",,,,"24,000","0","0","0","0","0","0","0","-1,117,835","376,792","1,888,124","1,743,919","2,291,482","376,792","229,352","0",,,,,,,,,,,,,,,,
ReconciledDepreciation,"2,828,000","702,000","706,000","708,000","712,000","715,000","713,000","718,000","712,000","721,000","735,000","726,000","719,000","712,000","752,000","748,000","755,000","701,000","771,000","774,000","735,000","704,000","2,386,000","3,162,000","3,158,000","3,162,000","3,105,000","3,100,000","3,065,000","4,284,000","670,000","668,000","756,000","690,000","488,000","486,000","477,000","476,000","482,000","481,000","465,000","700,000","562,000","523,000","433,000","446,000","455,008","455,979","457,314","462,699","471,816","483,907","346,226","122,795","127,664","143,434","137,078","122,629","124,780","153,146","144,989","148,671","160,175","151,180","143,782","120,235","107,393","106,207","97,095","113,133"
NetIncomeFromContinuingOperationNetMinorityInterest,"18,072,000","-6,430,000","7,078,000","7,771,000","9,653,000","8,650,000","8,190,000","5,947,000","8,714,000","486,000","4,216,000","100,423,000","11,526,000","-612,000","10,360,000","7,171,000","4,611,000","3,066,000","-1,838,000","-4,550,000","-1,534,000","-7,645,000","-604,000","-430,000","-4,618,000","-12,358,000","-14,798,000","-9,461,000","-5,386,000","-10,221,000","69,719,000","-1,426,000","-21,575,000","-26,533,000","-7,623,000","-5,380,000","-3,079,000","-4,173,000","-6,369,000","-5,326,000","-8,007,000","-7,962,000","-5,523,000","-3,074,000","-1,341,000","136,000","2,198,812","3,184,482","1,279,341","529,365","-9,237,390","-7,725,368","-12,392,101","-6,503,988","-7,504,019","-10,869,211","-13,494,882","-19,196,129","-20,748,406","-21,943,501","-15,985,023","-15,392,760","-11,891,475","-12,124,161","-21,373,084","-18,122,450","-6,843,877","-5,704,888","-5,468,150","-5,867,386"
TotalUnusualItemsExcludingGoodwill,,,,,,,,,,,,,,,,,,,,,,,,,,,"0",,,,"77,616,000",,,,,,,,,,,"355,000",,,,,,,"85,433",,"0","0","0",,,,,,"0","71,345",,,,,,,"0","0","0","93"
TotalUnusualItems,,,,,,,,,,,,,,,,,,,,,,,,,,,"0",,,,"77,616,000",,,,,,,,,,,"355,000",,,,,,,"85,433",,"0","0","0",,,,,,"0","71,345",,,,,,,"0","0","0","93"
NormalizedEBITDA,"26,983,000","-6,967,000","9,342,000","11,527,000","13,081,000","11,056,000","11,164,000","8,460,000","9,883,000","596,000","4,978,000","11,485,000","10,614,000","-1,375,000","9,902,000","6,981,000","4,668,000","3,143,000","-1,379,000","-4,149,000","-1,189,000","-7,202,000","1,732,000","2,509,000","-1,631,000","-9,313,000","-11,788,000","-6,441,000","-2,393,000","-6,009,000","-7,253,000","-780,000","-20,850,000","-25,888,000","-7,179,000","-4,919,000","-2,632,000","-3,743,000","-5,946,000","-4,914,000","-7,620,000","-7,972,000","-5,346,000","-2,770,000","-1,080,000","453,000","1,245,773","1,199,735","1,528,076","6,609,984","-8,854,671","-7,241,461","-12,045,875","-6,381,193","-5,746,117","-11,049,253","-13,798,816","-19,939,250","-21,922,893","-23,440,093","-17,498,211","-16,676,937","-12,247,038","-12,656,054","-21,936,710","-18,293,267","-6,950,548","-5,650,935","-5,436,835","-5,824,600"
TaxRateForCalcs,"0.258","0.15","0.178","0.275","0.234","0.171","0.25","0.292","0.214","0.27","0.274","0.27","0.002","0.27","0.27","0.013","0.019","0.27","0.4","0.4","0.4","0.4","0","0","0","0","0","0","0","0","0.35","0","0","0","0","0","0","0","0","0","0","0","0.049","0.035","0.037","0.042","0.35","0.35","0.35","0.35","0","0","0","0","0","0","0","0","0","0.35","0.35","0.35","0","0","0","0","0.4","0","0","0"
TaxEffectOfUnusualItems,"0","0","0","0","0","0","0","0","0","0","0","0","0","0","0","0","0","0","0","0","0","0","0","0","0","0","0","0","0","0","0","0","0","0","0","0","0","0","0","0","0","0","0","0","0","0","0","0","29,901.55","0","0","0","0","0","0","0","0","0","0","24,970.75","0","0","0","0","0","0","0","0","0","0"