name,ttm,03/31/2022,12/31/2021,09/30/2021,06/30/2021,03/31/2021,12/31/2020,09/30/2020,06/30/2020,03/31/2020,12/31/2019,09/30/2019,06/30/2019,03/31/2019,12/31/2018,09/30/2018,06/30/2018,03/31/2018,12/31/2017,09/30/2017,06/30/2017,03/31/2017,12/31/2016,09/30/2016,06/30/2016,03/31/2016,12/31/2015,09/30/2015,06/30/2015,03/31/2015,12/31/2014,09/30/2014,06/30/2014,03/31/2014,12/31/2013,09/30/2013,06/30/2013,03/31/2013,12/31/2012,09/30/2012,06/30/2012,03/31/2012,12/31/2011,09/30/2011,06/30/2011,03/31/2011,12/31/2010,09/30/2010,06/30/2010,03/31/2010,12/31/2009,09/30/2009,06/30/2009,03/31/2009,12/31/2008,09/30/2008,06/30/2008,03/31/2008,12/31/2007,09/30/2007,06/30/2007,03/31/2007,12/31/2006,09/30/2006,06/30/2006,03/31/2006,12/31/2005,09/30/2005,06/30/2005,03/31/2005,12/31/2004,09/30/2004,06/30/2004,03/31/2004,12/31/2003,09/30/2003,06/30/2003,03/31/2003,12/31/2002,09/30/2002,06/30/2002,03/31/2002,12/31/2001,09/30/2001,06/30/2001,03/31/2001,12/31/2000,09/30/2000,06/30/2000,03/31/2000
TotalRevenue,"130,952,928","40,216,796","30,957,899","28,974,471","65,194,911","58,083,993","40,067,300","37,383,632","21,374,127","36,203,429","42,588,302","37,799,259","43,657,292","39,320,712","41,801,748","50,632,948","46,917,770","41,368,195","41,345,248","32,470,451","36,912,779","34,770,614","31,055,936","28,461,930","24,428,444","14,132,604","20,875,827","39,262,584","49,119,711","37,684,339","62,572,071","76,903,516","72,079,622","47,349,658","46,770,402","46,830,647","35,111,402","33,254,801","32,256,541","36,195,570","31,293,193","34,827,939","31,339,168","30,301,326","27,790,860","20,308,903","15,706,666","13,290,428","15,870,811","13,273,080","13,545,792","12,035,430","5,265,491","0",,,,,,,,,"35,169","44,288","14,327",,,,,,,,,,,,,,,,,,"0",,,"20,000","65,000","86,000","64,000","174,000"
	OperatingRevenue,"130,952,928","40,216,796","30,957,899","28,974,471","65,194,911","58,083,993","40,067,300","37,383,632","21,374,127","36,203,429","42,588,302","37,799,259","43,657,292","39,320,712","41,801,748","50,632,948","46,917,770","41,368,195","41,345,248","32,470,451","36,912,779","34,770,614","31,055,936","28,461,930","24,428,444","14,132,604","20,875,827","39,262,584","49,119,711","37,684,339","62,572,071","76,903,516","72,079,622","47,349,658","46,770,402","46,830,647","35,111,402","33,254,801","32,256,541","36,195,570","31,293,193","34,827,939","31,339,168","30,301,326","27,790,860","20,308,903","15,706,666","13,290,428","15,870,811","13,273,080","13,545,792","12,035,430","5,265,491","0",,,,,,,,,"35,169","44,288","14,327",,,,,,,,,,,,,,,,,,"0",,,"20,000","65,000","86,000","64,000","174,000"
CostOfRevenue,"126,965,133","38,679,537","31,528,213","28,188,293","54,298,341","44,694,094","34,903,698","32,499,846","22,197,805","26,836,854","31,045,027","32,372,316","36,515,421","34,844,349","36,879,263","42,593,367","36,796,258","34,588,749","32,814,269","28,390,891","31,486,599","30,701,554","25,758,117","22,462,171","19,168,398","14,371,128","20,497,692","34,104,949","43,635,177","37,605,869","66,040,281","72,846,322","63,200,942","42,205,170","41,340,555","41,945,879","32,556,738","29,785,043","29,290,855","33,011,934","30,542,452","31,942,875","30,034,120","28,268,785","25,325,275","18,038,007","14,221,863","12,471,821","14,962,107","12,245,250","12,589,842","10,342,956","5,202,855","0",,,,,,,,,"1,000,672","1,106,719","1,274,402",,,,,,,,,,,,,,,,,,"0",,,"9,000","102,000","117,000","39,000","99,000"
GrossProfit,"3,987,795","1,537,259","-570,314","786,178","10,896,570","13,389,899","5,163,602","4,883,786","-823,678","9,366,575","11,543,275","5,426,943","7,141,871","4,476,363","4,922,485","8,039,581","10,121,512","6,779,446","8,530,979","4,079,560","5,426,180","4,069,060","5,297,819","5,999,759","5,260,046","-238,524","378,135","5,157,635","5,484,534","78,470","-3,468,210","4,057,194","8,878,680","5,144,488","5,429,847","4,884,768","2,554,664","3,469,758","2,965,686","3,183,636","750,741","2,885,064","1,305,048","2,032,541","2,465,585","2,270,896","1,484,803","818,607","908,704","1,027,830","955,950","1,692,474","62,636","0",,,,,,,,,"-965,503","-1,062,431","-1,260,075",,,,,,,,,,,,,,,,,,"0",,,"11,000","-37,000","-31,000","25,000","75,000"
OperatingExpense,"23,764,687","8,809,311","5,647,655","4,971,635","9,308,809","8,409,449","7,654,485","6,724,439","7,744,021","8,335,065","8,499,227","7,968,766","7,809,749","7,084,754","7,015,568","7,465,498","7,097,667","7,339,541","7,105,460","7,388,582","7,004,927","6,829,897","6,373,814","6,538,566","6,241,690","7,089,571","6,907,657","7,650,645","7,202,564","9,979,597","9,609,380","6,801,396","6,075,517","3,587,489","4,343,169","2,495,748","2,395,745","2,221,492","2,413,181","1,610,146","919,227","1,194,747","1,069,221","997,723","1,006,683","1,026,055","974,599","667,339","700,195","751,173","946,317","982,916","581,449","834,340","766,079","917,133","1,401,814","1,793,290","1,660,096","10,268,299","-2,229,194","1,902,425","11,034,645","1,004,584","3,617,601","1,028,668","1,027,365","938,936","931,973","700,634","840,953","613,196","41,000","1,000","9,000","2,000","3,000","2,000","7,000",,"2,000","43,000","2,000","19,000","2,000","110,000","70,000","79,000","116,000","128,000"
	SellingGeneralAndAdministration,"23,657,023","8,782,395","5,620,739","4,944,719","8,825,940","7,926,580","7,171,616","6,241,570","6,030,560","6,700,518","6,652,623","6,153,184","6,028,859","5,347,741","5,258,572","5,658,659","5,364,591","5,645,442","5,405,047","5,690,761","5,359,897","5,229,837","4,804,400","4,978,004","4,688,035","5,495,987","6,982,421","6,052,764","5,641,250","7,329,597","9,609,380","6,801,396","6,075,517","3,587,489","4,343,169","2,495,748","2,395,745","2,221,492","2,413,181","1,610,146","919,227","1,194,747","1,069,221","997,723","1,006,683","1,026,055","974,599","667,339","700,195","751,173","946,317","982,916","581,449","834,340","766,079","917,133","1,401,814","1,776,931","1,447,735","1,395,486","1,425,176","983,491","1,203,407","944,584","1,037,451","968,668","966,965","878,936","864,563","638,384","771,598","551,589","41,000","1,000","9,000","2,000","3,000","2,000","7,000",,"2,000","43,000","2,000","19,000","2,000","110,000","70,000","79,000","116,000","126,000"
		GeneralAndAdministrativeExpense,,,,,,,,,,,,,,,,,,,,,,,,,,,,,,,,,,,,,,,,,,,,,,,,,,,,,,"834,340",,,,,,,,,,,,,,,,,,,,,,,,,,,,,,,,,,,,
	ResearchAndDevelopment,,,,,,,,,,,,,,,,,,,,,,,,,,,,,,,,,,,,,,,,,,,,,,,,,,,,,,"0","0",,,"16,359","212,361","418,707","804,018","918,934","93,894","60,000","60,000","60,000","60,400","60,000","67,410","62,250","69,355","61,607",,,,,,,,,,,,,,,,,,
	DepreciationAmortizationDepletionIncomeStatement,"107,664","26,916","26,916","26,916","482,869","482,869","482,869","482,869","1,713,461","1,634,547","1,846,604","1,815,582","1,780,890","1,737,013","1,756,996","1,806,839","1,733,076","1,694,099","1,700,413","1,697,821","1,645,030","1,600,060","1,569,414","1,560,562","1,553,655","1,593,584","1,920,416","1,597,881","1,561,314",,,,,,,,,,,,,,,,,,,,,,,,,,,,,,,,,,"627,388","620,881",,,,,,,,,,,,,,,,,,,,,,,"0",,,"2,000"
		DepreciationAndAmortizationInIncomeStatement,"107,664","26,916","26,916","26,916","482,869","482,869","482,869","482,869","1,713,461","1,634,547","1,846,604","1,815,582","1,780,890","1,737,013","1,756,996","1,806,839","1,733,076","1,694,099","1,700,413","1,697,821","1,645,030","1,600,060","1,569,414","1,560,562","1,553,655","1,593,584","1,920,416","1,597,881","1,561,314",,,,,,,,,,,,,,,,,,,,,,,,,,,,,,,,,,"627,388","620,881",,,,,,,,,,,,,,,,,,,,,,,"0",,,"2,000"
	ProvisionForDoubtfulAccounts,,,,,,,,,,,,,,,,,,,,,,,"0",,"0","0","-1,995,180","0","0","2,650,000",,,,,,,,,,,,,,,,,,,,,,,,,,,,,,,,,,,,,,,,,,,,,,,,,,,,,,,,,,,,
	OtherOperatingExpenses,,,,,,,,,,,,,,,,,,,,,,,,,,,,,,,,,,,,,,,,,,,,,,,,,,,,,,,,,,,"0","8,454,106","-4,458,388",,"9,109,956","-620,881","2,520,150",,,,,,,,,,,,,,,,,,,,,,,,,
OperatingIncome,"-19,776,892","-7,272,052","-6,217,969","-4,185,457","1,587,761","4,980,450","-2,490,883","-1,840,653","-8,567,699","1,031,510","3,044,048","-2,541,823","-667,878","-2,608,391","-2,093,083","574,083","3,023,845","-560,095","1,425,519","-3,309,022","-1,578,747","-2,760,837","-1,075,995","-538,807","-981,644","-7,328,095","-6,529,522","-2,493,010","-1,718,030","-9,901,127","-13,077,590","-2,744,202","2,803,163","1,556,999","1,086,678","2,389,020","158,919","1,248,266","552,505","1,573,490","-168,486","1,690,317","235,827","1,034,818","1,458,902","1,244,841","510,204","151,268","208,509","276,657","9,633","709,558","-518,813","-834,340","-766,079","-917,133","-1,401,814","-1,793,290","-1,660,096","-10,268,299","2,229,194","-1,902,425","-12,000,148","-2,067,015","-4,877,676","-1,028,668","-1,027,365","-938,936","-931,973","-700,634","-840,953","-613,196","-41,000","-1,000","-9,000","-2,000","-3,000","-2,000","-7,000",,"-2,000","-43,000","-2,000","-19,000","-2,000","-99,000","-107,000","-110,000","-91,000","-53,000"
NetNonOperatingInterestIncomeExpense,"-7,605,190","-4,229,884","-2,884,050","-352,587","-259,091","-236,333","-245,910","-234,671","-222,173","-340,086","-747,165","92,148","-737,054","-757,803","-833,084","-798,800","-846,797","-802,515","-800,416","-731,940","-616,171","-1,334,535","-378,352","-398,055","-406,019","-1,915,016","-728,779","-763,791","-556,975","-1,531,180","-956,319","-947,325","-657,235","-75,811","-108,327","-95,488","-112,999","-106,140","-106,190","-28,023","633","-44","-4,875","-3,593","-25,177","-29,041","-27,628","-26,521","-25,952","-36,646",,,,"18,468",,,,,,,,,,,,,,,,,,,,,,,,,,,,,,,,,,,,
	InterestIncomeNonOperating,,,,,,,,,,,"126","918,153","1,918",,"0","0","659","0",,"1,519","2,277","1,952","1,522","1,490",,"476",,,,,,,,,,,,,"158","949","633",,,,,,,,,,,,,"18,468",,,,,,,,,,,,,,,,,,,,,,,,,,,,,,,,,,,,
	InterestExpenseNonOperating,"7,605,190","4,229,884","2,884,050","352,587","259,091","236,333","245,910","234,671","222,173","340,086","747,291","826,005","738,972","757,803","833,084","798,800","847,456","802,515","794,668","733,459","618,448","1,336,487","373,900","399,545","406,019","1,915,492","728,779","763,791","556,975","1,531,180","956,319","947,325","657,235","75,811","108,327","95,488","112,999","106,140","106,348","28,972","0","44","4,875","3,593","25,177","29,041","27,628","26,521","25,952","36,646",,,,,,,,,,,,,,,,,,,,,,,,,,,,,,,,,,,,,,,,
OtherIncomeExpense,"-14,979,130","-3,106,573","-6,491,287","11,904,062","-17,285,332","-1,778,779","-205,990","120,154","-98,601","1,698,827","-924,793","1,290,792","775,167","-1,702,801","2,882,717","-2,169,133","484,756","-845,473","-1,084,495","1,091,584","378,940","907,572","-931,074","859,140","1,303,576","7,722,054","4,222,938","1,186,925","1,829,810","-228,148","2,507,577","1,820,132","4,510,774","-600,042","349,881","-3,949","1,857,598","-52,029","-101,964","-1,154,612","0","0",,"0","0","0","0","89,333","100,000","30,000","0",,"-195,877","0","60,524","-389,139","0","24,940","155,000","-8,454,106","-4,458,388","-27,276","-16,675,550","831,297","-135,642","-120,154","-64,588","296,459","154,091","0",,,,,,,,,"-3,000","1,911,000",,,"0",,,"11,000","0",,,"17,000"
	GainOnSaleOfSecurity,"-17,484,099","-3,578,947","-4,305,233","11,907,413","-21,507,332","-1,780,203","-205,565","256,587","-110,965","1,698,747","-819,239","1,290,792","746,017","-1,705,094","2,888,687","-2,169,133","475,913","-888,153","-1,104,494","1,065,891","405,339","920,672","-870,869","975,156","1,327,613","-1,930,404","3,000,090","1,213,481","1,816,982",,,,,,,,,,,,,,,,,,,,,,,,,"0",,,,,,,,,,,,,,,,,,,,,,,,,,,,,,,,,,,,
	SpecialIncomeCharges,"-2,132,003","57,402","-2,186,054","-3,351","0","1,424","-425","-136,434","12,344","0","-105,554","0","29,150","2,293","-5,970","0","8,843","42,680","14,251","25,693","-26,399","-13,100","-66,179","-116,016","-26,523","9,652,458","-4,919,993","-5,910","0","-157,678","-1,087,514","-166,600","4,521,633","-600,412","-53,742","0","1,850,000","-36,592","-101,964","-1,154,612",,,"0","0","0","0","0","89,333","100,000","30,000","0","0","-195,877","0","449,813","-389,139",,"24,940","155,000","-8,454,106",,"-27,276","-16,675,550","831,297","-135,642","-120,154","-64,588","296,459","154,091",,,,,,,,,,"-3,000","1,911,000",,,"0",,,"11,000","0",,,"17,000"
		RestructuringAndMergernAcquisition,,,,,,,,,,,,,,,,,,,,,,,"64,857","47,217","26,523","49,376","11,584","5,910","0","157,678","994,603","259,235","1,959,418","600,412","53,742","0","-1,850,000","36,592","101,964","1,154,612",,,,,,,"0","0","0",,"0","0","195,877",,,,,,,,,,,,,,,,,,,,,,,,,,,,,,,,,,,,,
		ImpairmentOfCapitalAssets,,,,,,,,,,,,,,,,,,,,,,,"0",,,,"4,922,353","0","0",,"-375,000","-92,635","-6,481,051",,,,,,,,,,,,,,,,,,,,,"0",,,,,,,,,,,,,,,,,,,,,,,,,,,,,,,,,,,,
		OtherSpecialCharges,,,,,,,,,,,,,,,,,,,,,,,"1,267,913","-996,418","-1,647,774","-7,715,514","-13,631,428","20,646","12,808","2,720,470","-3,970,091",,"-6,470,192","-370","-403,623","3,949","-1,857,598","15,437","-158",,,,,,,,"0","-89,333","-100,000",,"0",,"0",,,,,,,,,,,,,,,,,,,,,,,,,,,,,,,,,,,,,
		GainOnSaleOfPPE,"-8,300","57,402","-62,351","-3,351","0","1,424","-425","-136,434","12,344","0","-105,554","0","29,150","2,293","-5,970","0","8,843","42,680","14,251","25,693","-26,399","-13,100","-1,322","-68,799","0","9,701,834",,,,,,,,,,,,,,,,,,,,,,,,,,,,,,,,,,,,,,,,,,,,,,,,,,,,,,,,,,,,,,,,
	OtherNonOperatingIncomeExpenses,,"414,972","0",,"4,222,000",,"0","1","20","80",,,,,,,,,,,,,,,"2,486",,"6,142,841","-20,646","12,828","-70,470","3,595,091","1,986,732","-10,859","370","403,623","-3,949","1,857,598","-15,437",,,,,,,,,,,,,,,,,,,,,,,,,,,,,,,,,,,,,,,,,,,,,,,,,,,,
PretaxIncome,"-42,361,212","-14,608,509","-15,593,306","7,366,018","-15,956,662","2,965,338","-2,942,783","-1,955,170","-8,888,473","2,390,251","1,372,090","-1,158,883","-629,765","-5,068,995","-43,450","-2,393,850","2,661,804","-2,208,083","-459,392","-2,949,378","-1,815,978","-3,187,800","-2,385,421","-77,722","-84,087","-1,521,057","-3,035,363","-2,069,876","-445,195","-11,660,455","-11,526,332","-1,871,395","6,656,702","881,146","1,328,232","2,289,583","1,903,518","1,090,097","344,351","390,855","-167,853","1,690,273","230,952","1,031,225","1,433,725","1,215,800","482,576","214,080",,,,,,"-815,872","-660,860","-1,263,197","-1,323,680","-1,698,613","-1,350,408","-10,079,573","-2,123,477","-1,799,211","-11,959,194","-1,638,296","-8,578,534","-2,780,497",,"-618,949",,"-701,582",,,,,,,,,,,,,,,,,,,,
TaxProvision,"0","0","0","0","0","0","0","0","0","0","0","0","0","0","0","0",,,"-274,423","0","0","0","0","0","0","-117,646","0","0","0","5,306,000","-46,212","57,975","0","0","-1,678,540","-40,211","12,248","6,502","207,000","-1,714,813","-8,828","116,000","-1,887,502","3,000","22,986","19,703","15,297","5,500",,,,,,"0",,,,,,,,,,,,,,,,"2,400",,,,,,,,,,,,,,,,,,,,
NetIncomeCommonStockholders,"-26,209,144","-4,968,855","-9,138,736","7,944,816","-20,046,369","635,032","-5,685,416","-4,343,878","-11,278,979","-9,453,991","-229,777","-3,911,581","-1,373,236","-5,931,034","-1,385,277","-4,635,372","1,439,174","-3,455,829","-1,252,057","-3,829,125","-2,696,174","-4,047,244","-5,994,192","-1,047,564","-6,331,864","-2,163,774","-3,718,479","-2,972,571","-445,195","-16,966,455","-11,480,120","-1,929,370","7,001,082","862,165","2,574,810","2,329,794","1,891,270","1,083,595","137,351","2,105,668","-159,025","1,574,273","2,118,454","1,028,225","1,410,739","1,196,097","467,279","208,580","282,557","270,011","9,633","709,558","-714,690","-3,433,909","-3,256,316","-3,836,547","-1,323,680","-1,698,613","-19,746,598","-12,996,774","-5,470,865","-5,502,851","-15,318,769","-4,868,731","-10,086,309","-3,320,983","-1,345,872","-855,892","-988,647","-703,982","-841,999","-627,772","-41,000","-1,000","-9,000","-2,000","-3,000","-2,000","-10,000","1,907,000","-15,000","-55,000","-15,000","-30,000","-15,000","-99,000","-120,000","-123,000","-104,000","-49,000"
	NetIncome,"-25,925,589","-4,968,855","-9,138,736","7,944,816","-19,762,814","600,621","-4,891,397","-3,722,944","-10,379,527","-8,177,489","1,004,761","-2,941,711","-427,436","-4,963,564","-201,333","-2,287,880","2,530,068","-2,258,622","-385,387","-2,983,932","-1,867,506","-3,196,407","-2,398,793","-107,956","-42,660","-1,403,411","-3,035,363","-2,069,876","-445,195","-16,966,455","-11,480,120","-1,929,370","7,001,082","862,165","2,574,810","2,329,794","1,891,270","1,083,595","137,351","2,105,668","-159,025","1,574,273","2,118,454","1,028,225","1,410,739","1,196,097","467,279","208,580","282,557","270,011","9,633","709,558","-714,690","-815,872","-660,860","-1,263,197","-1,323,680","-1,698,613","-1,350,408","-10,079,573","-2,123,477","-1,799,211","-11,959,194","-1,638,296","-8,578,534","-2,780,497","-1,077,215","-618,949","-751,714","-703,982","-841,999","-627,772","-41,000","-1,000","-9,000","-2,000","-3,000","-2,000","-10,000","1,907,000","-15,000","-55,000","-15,000","-30,000","-15,000","-99,000","-120,000","-123,000","-104,000","-49,000"
		NetIncomeIncludingNoncontrollingInterests,"-11,435,382","-808,867","-5,314,369","10,644,516","-15,956,662","2,965,338","-2,942,783","-1,955,170","-8,888,473","2,390,251","1,372,090","-1,158,883","-629,765","-5,068,995","-43,450","-2,393,850","2,661,804","-2,208,083","-184,969","-2,949,378","-1,815,978","-3,187,800","-2,385,421","-77,722","-84,087","-1,403,411","-3,035,363","-2,069,876","-445,195","-16,966,455","-11,480,120","-1,929,370","6,656,702","881,146","3,006,772","2,329,794","1,891,270","1,083,595","137,351","2,105,668","-159,025","1,574,273","2,118,454","1,028,225","1,410,739","1,196,097","467,279","208,580","282,557","270,011","9,633","709,558","-714,690","-815,872","-660,860","-1,263,197","-1,323,680","-1,698,613","-1,350,408","-10,079,573","-2,123,477","-1,799,211","-11,959,194","-1,638,296","-8,578,534","-2,780,497","-1,077,215","-618,949","-751,714","-703,982","-841,999","-627,772","-41,000","-1,000","-9,000","-2,000","-3,000","-2,000","-10,000","1,907,000","-15,000","-55,000","-15,000","-30,000","-15,000","-99,000","-120,000","-123,000","-104,000","-49,000"
			NetIncomeContinuousOperations,"-42,361,212","-14,608,509","-15,593,306","7,366,018","-15,956,662","2,965,338","-2,942,783","-1,955,170","-8,888,473","2,390,251","1,372,090","-1,158,883","-629,765","-5,068,995","-43,450","-2,393,850","2,661,804","-2,208,083","-184,969","-2,949,378","-1,815,978","-3,187,800","-2,385,421","-77,722","-84,087","-1,403,411","-3,035,363","-2,069,876","-445,195","-16,966,455","-11,480,120","-1,929,370","6,656,702","881,146","3,006,772","2,329,794","1,891,270","1,083,595","137,351","2,105,668","-159,025","1,574,273","2,118,454","1,028,225","1,410,739","1,196,097","467,279","208,580","282,557","270,011","9,633","709,558","-714,690","-815,872","-660,860","-1,263,197","-1,323,680","-1,698,613","-1,350,408","-10,079,573","-2,123,477","-1,799,211","-11,959,194","-1,638,296","-8,578,534","-2,780,497","-1,077,215","-618,949","-751,714","-703,982","-841,999","-627,772","-41,000","-1,000","-9,000","-2,000","-3,000","-2,000","-10,000","1,907,000","-15,000","-55,000","-15,000","-30,000","-15,000","-99,000","-120,000","-123,000","-104,000","-49,000"
			NetIncomeDiscontinuousOperations,"30,925,830","13,799,642","10,278,937","3,278,498",,,,,,,,,,,,,,,,,,,,,,,,,,,,,,,,,,,,,,,,,,,,,,,,,,,,,,,,,,,,,,,,,,,,,,,,,,,,,,,,,,,,,,
		MinorityInterests,"-14,490,207","-4,159,988","-3,824,367","-2,699,700","-3,806,152","-2,364,717","-1,948,614","-1,767,774","-1,491,054","-10,567,740","-367,329","-1,782,828","202,329","105,431","-157,883","105,970","-131,736","-50,539","-200,418","-34,554","-51,528","-8,607","-13,372","-30,234","41,427",,,"0","0","0","0","0","344,380","-18,981","-431,962",,,,,,,,,,,,,,,,,,,,,,,,,,,,,,,,,,,,,,,,,,,,,,,,,,,,,,,
	PreferredStockDividends,,,"0",,,"-258,138","606,564","591,777","360,217","344,499","389,190","419,096","412,875","406,795","-504,094","1,831,794","620,069","739,354","420,712","420,713","418,571","417,636","3,126,690","504,474","5,817,327","373,705","377,329","402,740",,,,,,,,,,,,,,,,,,,,,,,,,,"2,618,037","2,595,456","2,573,350",,,"18,396,190","2,917,201","3,347,388","3,703,640","3,359,575","3,230,435","1,507,775","540,486","268,657","236,943","236,933",,,,,,,,,,,,,,,,,,,,,
	OtherunderPreferredStockDividend,"283,555","0","0","0","283,555","223,727","187,455","29,157","539,235","932,003","845,348","550,774","532,925","560,675","1,688,038","515,698","470,825","457,853","445,958","424,480","410,097","433,201","468,709","435,134","471,877","386,658","305,787","499,955",,,,,,,,,,,,,,,,,,,,,,,,,,,,,,,,,,,,,,,,,,,,,,,,,,,,,,,,,,,,,,
DilutedNIAvailtoComStockholders,"-26,209,144","-4,968,855","-9,138,736","7,944,816","-20,046,369","635,032","-5,685,416","-4,343,878","-11,278,979","-9,453,991","-229,777","-3,911,581","-1,373,236","-5,931,034","-1,385,277","-4,635,372","1,439,174","-3,455,829","-1,252,057","-3,829,125","-2,696,174","-4,047,244","-5,994,192","-1,047,564","-6,331,864","-2,163,774","-3,718,479","-2,972,571","-445,195","-16,966,455","-11,480,120","-1,929,370","7,001,082","862,165","2,574,810","2,329,794","1,891,270","1,083,595","137,351","2,105,668","-159,025","1,574,273","2,118,454","1,028,225","1,410,739","1,196,097","467,279","208,580","282,557","270,011","9,633","709,558","-714,690","-3,433,909","-3,256,316","-3,836,547","-1,323,680","-1,698,613","-19,746,598","-12,996,774","-5,470,865","-5,502,851","-15,318,769","-4,868,731","-10,086,309","-3,320,983","-1,345,872","-855,892","-988,647","-703,982","-841,999","-627,772","-41,000","-1,000","-9,000","-2,000","-3,000","-2,000","-10,000","1,907,000","-15,000","-55,000","-15,000","-30,000","-15,000","-99,000","-120,000","-123,000","-104,000","-49,000"
BasicEPS,,"-0.08",,"0.13","-0.38","0.01",,"-0.1","-0.25","-0.21",,"-0.09","-0.03","-0.15",,"-0.13","0.03","-0.1",,"-0.12","-0.08","-0.12","-0.072","-0.03","-0.21","-0.07",,"-0.11","-0.02","-0.6",,"-0.08","0.31","0.04","0.121","0.131","0.107","0.063",,"0.17","-0.02","0.17",,"0.11","0.17","0.14",,"0.03","0.03","0.03",,"0.09","-0.09","-1.2",,"-1.4","-1.4","-1.5",,"-4.8","-2","-2.1",,"-1.9","-4.1","-1.4",,"-0.3","-0.4","-0.3",,"-0.3","0","0",,"0","0","-0.013",,"11.976","-0.12","0",,"0","0","0",,"0","0","0"
DilutedEPS,,"-0.08",,"0.12","-0.38","0.01",,"-0.1","-0.25","-0.21",,"-0.09","-0.03","-0.15",,"-0.13","0.03","-0.1",,"-0.12","-0.08","-0.12","-0.072","-0.03","-0.21","-0.07",,"-0.11","-0.02","-0.6",,"-0.08","0.28","0.04","0.121","0.131","0.107","0.063",,"0.13","-0.02","0.1",,"0.06","0.1","0.09",,"0.02","0.02","0.02",,"0.05","-0.09","-1.2",,"-1.4","-1.4","-1.5",,"-4.8","-2","-2.1",,"-1.9","-4.1","-1.4",,"-0.3","-0.4","-0.3",,"-0.3","0","0",,"0","0","-0.013",,"11.976","-0.12","0",,"0","0","0",,"0","0","0"
BasicAverageShares,,"63,372,005",,"61,348,508","59,909,219","47,709,450",,"45,554,841","45,554,841","45,372,358",,"41,376,335","40,294,870","40,195,925",,"35,144,113","33,300,456","33,063,732",,"32,655,135","32,350,218","32,953,812","33,151,391","30,576,485","29,765,702","29,304,722",,"28,198,701","28,130,575","28,118,396",,"25,151,660","22,826,102","21,232,949","21,205,609","17,804,724","17,670,651","17,176,001",,"12,255,372","10,136,941","9,434,094",,"9,187,227","8,535,111","8,440,064",,"8,315,309","8,258,493","8,254,256",,"8,252,391","7,793,347","2,759,649",,"2,759,649","2,759,649","2,758,752",,"2,711,511","2,672,326","2,583,080",,"2,528,304","2,489,302","2,472,483",,"2,454,822","2,441,874","2,340,502",,"1,949,111","155,259","155,259",,"155,259","155,259","155,259",,"150,709","150,709","150,709",,"150,709","150,709","150,709",,"150,709","150,709","150,709"
DilutedAverageShares,,"63,372,005",,"64,605,326","59,909,219","49,006,195",,"45,554,841","45,554,841","45,372,358",,"41,376,335","40,294,870","40,195,925",,"35,144,113","37,013,651","33,063,732",,"32,655,135","32,350,218","32,953,812","33,151,391","30,576,485","29,765,702","29,304,722",,"28,198,701","28,130,575","28,118,396",,"25,151,660","24,847,456","23,738,018","21,205,609","17,804,724","17,670,651","17,176,001",,"16,484,023","10,136,941","15,473,017",,"15,851,393","13,937,618","13,935,781",,"13,581,067","13,629,049","13,726,756",,"13,736,445","7,793,347","2,759,649",,"2,759,649","2,759,649","2,758,752",,"2,711,511","2,672,326","2,583,080",,"2,528,304","2,489,302","2,472,483",,"2,454,822","2,441,874","2,340,502",,"1,949,111","155,259","155,259",,"155,259","155,259","155,259",,"150,709","150,709","150,709",,"150,709","150,709","150,709",,"150,709","150,709","150,709"
TotalOperatingIncomeAsReported,"-21,900,595","-7,272,052","-8,341,672","-4,185,457","1,587,761","4,980,450","-2,490,883","-1,840,653","-8,567,699","1,031,510","3,044,048","-2,541,823","-667,878","-2,608,391","-2,093,083","574,083","3,023,845","-560,095","1,425,519","-3,309,022","-1,578,747","-2,760,837","-1,140,852","-586,024","-1,008,167","-7,377,471","-2,467,286","-2,498,920","-1,718,030","-7,408,805","-11,168,268","-1,126,685","843,745","956,587","1,421,686","2,389,020","2,008,919","1,211,674","450,541","418,878","-168,486","1,690,317","235,827","1,034,818","1,458,902","1,244,841","510,204","151,268","208,509","276,657","9,633","709,558","-714,690","-834,340","-766,079","-917,133","-1,401,814","-1,793,290","-1,660,096","-10,268,299","2,229,194","-1,902,425","-12,627,536","-2,687,896","-2,357,526","-1,028,668","-1,027,365","-938,936","-931,973","-700,634","-840,953","-613,196","-41,000","-1,000","-9,000","-2,000","-3,000","-2,000","-7,000",,"-2,000","-43,000","-2,000","-19,000","-2,000","-99,000","-107,000","-110,000","-91,000","-53,000"
TotalExpenses,"150,729,820","47,488,848","37,175,868","33,159,928","63,607,150","53,103,543","42,558,183","39,224,285","29,941,826","35,171,919","39,544,254","40,341,082","44,325,170","41,929,103","43,894,831","50,058,865","43,893,925","41,928,290","39,919,729","35,779,473","38,491,526","37,531,451","32,131,931","29,000,737","25,410,088","21,460,699","27,405,349","41,755,594","50,837,741","47,585,466","75,649,661","79,647,718","69,276,459","45,792,659","45,683,724","44,441,627","34,952,483","32,006,535","31,704,036","34,622,080","31,461,679","33,137,622","31,103,341","29,266,508","26,331,958","19,064,062","15,196,462","13,139,160","15,662,302","12,996,423","13,536,159","11,325,872","5,784,304","834,340","766,079","917,133","1,401,814","1,793,290","1,660,096","10,268,299","-2,229,194","1,902,425","12,035,317","2,111,303","4,892,003","1,028,668","1,027,365","938,936","931,973","700,634","840,953","613,196","41,000","1,000","9,000","2,000","3,000","2,000","7,000",,"2,000","43,000","2,000","19,000","2,000","119,000","172,000","196,000","155,000","227,000"
NetIncomeFromContinuingAndDiscontinuedOperation,"-25,925,589","-4,968,855","-9,138,736","7,944,816","-19,762,814","600,621","-4,891,397","-3,722,944","-10,379,527","-8,177,489","1,004,761","-2,941,711","-427,436","-4,963,564","-201,333","-2,287,880","2,530,068","-2,258,622","-385,387","-2,983,932","-1,867,506","-3,196,407","-2,398,793","-107,956","-42,660","-1,403,411","-3,035,363","-2,069,876","-445,195","-16,966,455","-11,480,120","-1,929,370","7,001,082","862,165","2,574,810","2,329,794","1,891,270","1,083,595","137,351","2,105,668","-159,025","1,574,273","2,118,454","1,028,225","1,410,739","1,196,097","467,279","208,580","282,557","270,011","9,633","709,558","-714,690","-815,872","-660,860","-1,263,197","-1,323,680","-1,698,613","-1,350,408","-10,079,573","-2,123,477","-1,799,211","-11,959,194","-1,638,296","-8,578,534","-2,780,497","-1,077,215","-618,949","-751,714","-703,982","-841,999","-627,772","-41,000","-1,000","-9,000","-2,000","-3,000","-2,000","-10,000","1,907,000","-15,000","-55,000","-15,000","-30,000","-15,000","-99,000","-120,000","-123,000","-104,000","-49,000"
NormalizedIncome,"-37,235,317","-15,246,952","-12,926,386","-7,237,744","1,744,518","2,379,400","-4,685,407","-3,843,097","-10,280,906","-9,876,236","1,929,554","-4,232,503","-1,202,603","-3,260,763","-3,084,050","-118,747","2,045,312","-1,413,149","268,758.8","-4,075,516","-2,246,446","-4,103,979","-1,461,745","-967,096","-1,343,750","-8,528,203.513","-1,115,460","-3,277,447","-2,262,177","-16,871,848.2","-10,396,966.121","-1,821,080","2,479,449","1,462,577","2,609,742.3","2,329,794","1,891,270","1,119,968.743","203,627.6","2,856,165.8","-159,025","1,574,273","2,118,454","1,028,225","1,410,739","1,196,097","467,279","121,542.084","217,557","250,511","9,633","709,558","-587,369.95","-815,872","-721,384","-874,058","-1,323,680","-1,723,553","-1,505,408","-1,625,467","-2,123,477","-1,771,935","4,716,356","-2,469,593","-8,442,892","-2,660,343","-1,038,462.2","-915,408","-844,168.6","-703,982","-841,999","-627,772","-41,000","-1,000","-9,000","-2,000","-3,000","-2,000","-8,200","760,400","-15,000","-55,000","-15,000","-30,000","-15,000","-105,600","-120,000","-123,000","-104,000","-59,200"
InterestIncome,,,,,,,,,,,"126","918,153","1,918",,"0","0","659","0",,"1,519","2,277","1,952","1,522","1,490",,"476",,,,,,,,,,,,,"158","949","633",,,,,,,,,,,,,"18,468",,"43,075","78,134","69,737","154,688","188,726","105,717",,,"218,303",,"15,575","14,738",,"26,168",,,,,,,,,,,,,,,,,,,,,
InterestExpense,"7,605,190","4,229,884","2,884,050","352,587","259,091","236,333","245,910","234,671","222,173","340,086","747,291","826,005","738,972","757,803","833,084","798,800","847,456","802,515","794,668","733,459","618,448","1,336,487","373,900","399,545","406,019","1,915,492","728,779","763,791","556,975","1,531,180","956,319","947,325","657,235","75,811","108,327","95,488","112,999","106,140","106,348","28,972","0","44","4,875","3,593","25,177","29,041","27,628","26,521","25,952","36,646",,,,,,,,,,,,,,,"6,085,366","1,647,250",,,,"948","1,046",,,,,,,,"0","4,000","13,000","12,000","13,000","11,000","13,000","11,000","13,000","13,000",,"13,000"
NetInterestIncome,"-7,605,190","-4,229,884","-2,884,050","-352,587","-259,091","-236,333","-245,910","-234,671","-222,173","-340,086","-747,165","92,148","-737,054","-757,803","-833,084","-798,800","-846,797","-802,515","-800,416","-731,940","-616,171","-1,334,535","-378,352","-398,055","-406,019","-1,915,016","-728,779","-763,791","-556,975","-1,531,180","-956,319","-947,325","-657,235","-75,811","-108,327","-95,488","-112,999","-106,140","-106,190","-28,023","633","-44","-4,875","-3,593","-25,177","-29,041","-27,628","-26,521","-25,952","-36,646",,,,"18,468","44,695","43,075","78,134","69,737","154,688","188,726","105,717",,"7,606,548","218,303","-6,085,366","-1,631,675","14,738",,"26,168","-948","-1,046",,,,,,,,"0","-4,000","-13,000","-12,000","-13,000","-11,000","-13,000","-11,000","-13,000","-13,000",,"-13,000"
EBIT,"-34,756,022","-10,378,625","-12,709,256","7,718,605","-15,697,571","3,201,671","-2,696,873","-1,720,499","-8,666,300","2,730,337","2,119,381","-332,878","109,207","-4,311,192","789,634","-1,595,050","3,509,260","-1,405,568","335,276","-2,215,919","-1,197,530","-1,851,313","-2,011,521","321,823","321,932","394,435","-2,306,584","-1,306,085","111,780","-10,129,275","-10,570,013","-924,070","7,313,937","956,957","1,436,559","2,385,071","2,016,517","1,196,237","450,699","419,827","-167,853","1,690,317","235,827","1,034,818","1,458,902","1,244,841","510,204","240,601","208,509","276,657","9,633","709,558","-518,813","-834,340","-766,079","-917,133","-1,401,814","-1,793,290","-1,660,096","-10,268,299","2,229,194","-1,902,425","-12,000,148","-2,067,015","-4,877,676","-1,028,668","-1,027,365","-938,936","-931,973","-700,634","-840,953","-613,196","-41,000","-1,000","-9,000","-2,000","-3,000","-2,000","-7,000",,"-2,000","-43,000","-2,000","-19,000","-2,000","-99,000","-107,000","-110,000","-91,000","-53,000"
EBITDA,"-34,160,374"
ReconciledCostOfRevenue,"126,477,149","38,565,484","31,400,690","31,482,464","52,904,991","43,346,274","33,544,666","31,186,684","22,197,805","26,836,854","31,045,027","32,372,316","36,515,421","34,844,349","36,879,263","42,593,367","36,796,258","34,588,749","32,814,269","28,390,891","31,486,599","30,701,554","27,110,310","22,423,634","19,146,615","13,079,255","20,497,692","34,104,949","43,635,177","37,605,869","66,040,281","72,846,322","63,200,942","42,205,170","41,340,555","41,945,879","32,556,738","29,785,043","29,290,855","33,011,934","30,542,452","31,942,875","30,034,120","28,268,785","25,325,275","18,038,007","14,221,863","12,471,821","14,962,107","12,245,250","12,589,842","10,342,956","5,202,855","0",,,,,,,,,"730,204","853,700","1,274,402",,,,,,,,,,,,,,,,,,"0",,,"9,000","102,000","117,000","39,000","99,000"
ReconciledDepreciation,"595,648","140,969","154,439","-3,267,255","1,876,219","1,830,689","1,841,901","1,796,031","1,713,461","1,634,547","1,846,604","1,815,582","1,780,890","1,737,013","1,756,996","1,806,839","1,733,076","1,694,099","1,700,413","1,697,821","1,645,030","1,600,060","217,221","1,599,099","1,575,438","2,885,457","1,920,416","1,597,881","1,561,314","1,556,982","1,296,450","1,180,443","1,068,273","732,677","705,078","546,622","536,317","532,718","531,153","98,383","41,106","40,913","40,910","41,837","40,996","37,305","38,196","37,386","36,947","33,448","32,088","30,680","2,804","0","-2","1,589","2,383","2,384","491,975","892,573","791,825","525,687","897,856","873,900","1,114,396","292,619","127,246","283,377","3,367","4,173","1,778",,,,,,,,,,,,,,,,"0","0","0","2,000"
NetIncomeFromContinuingOperationNetMinorityInterest,"-56,851,419","-18,768,497","-19,417,673","4,666,318","-19,762,814","600,621","-4,891,397","-3,722,944","-10,379,527","-8,177,489","1,004,761","-2,941,711","-427,436","-4,963,564","-201,333","-2,287,880","2,530,068","-2,258,622","-385,387","-2,983,932","-1,867,506","-3,196,407","-2,398,793","-107,956","-42,660","-1,403,411","-3,035,363","-2,069,876","-445,195","-16,966,455","-11,480,120","-1,929,370","7,001,082","862,165","2,574,810","2,329,794","1,891,270","1,083,595","137,351","2,105,668","-159,025","1,574,273","2,118,454","1,028,225","1,410,739","1,196,097","467,279","208,580","282,557","270,011","9,633","709,558","-714,690","-815,872","-660,860","-1,263,197","-1,323,680","-1,698,613","-1,350,408","-10,079,573","-2,123,477","-1,799,211","-11,959,194","-1,638,296","-8,578,534","-2,780,497","-1,077,215","-618,949","-751,714","-703,982","-841,999","-627,772","-41,000","-1,000","-9,000","-2,000","-3,000","-2,000","-10,000","1,907,000","-15,000","-55,000","-15,000","-30,000","-15,000","-99,000","-120,000","-123,000","-104,000","-49,000"
TotalUnusualItemsExcludingGoodwill,"-19,616,102","-3,521,545","-6,491,287","11,904,062","-21,507,332","-1,778,779","-205,990","120,153","-98,621","1,698,747","-924,793","1,290,792","775,167","-1,702,801","2,882,717","-2,169,133","484,756","-845,473","-1,090,243","1,091,584","378,940","907,572","-937,048","859,140","1,301,090","7,722,054","-1,919,903","1,207,571","1,816,982","-157,678","-1,087,514","-166,600","4,521,633","-600,412","-53,742","0","1,850,000","-36,592","-101,964","-1,154,612",,,"0","0","0","0","0","89,333","100,000","30,000","0","0","-195,877","0","60,524","-389,139",,"24,940","155,000","-8,454,106",,"-27,276","-16,675,550","831,297","-135,642","-120,154","-64,588","296,459","154,091",,,,,,,,,,"-3,000","1,911,000",,,"0",,,"11,000","0",,,"17,000"
TotalUnusualItems,"-19,616,102","-3,521,545","-6,491,287","11,904,062","-21,507,332","-1,778,779","-205,990","120,153","-98,621","1,698,747","-924,793","1,290,792","775,167","-1,702,801","2,882,717","-2,169,133","484,756","-845,473","-1,090,243","1,091,584","378,940","907,572","-937,048","859,140","1,301,090","7,722,054","-1,919,903","1,207,571","1,816,982","-157,678","-1,087,514","-166,600","4,521,633","-600,412","-53,742","0","1,850,000","-36,592","-101,964","-1,154,612",,,"0","0","0","0","0","89,333","100,000","30,000","0","0","-195,877","0","60,524","-389,139",,"24,940","155,000","-8,454,106",,"-27,276","-16,675,550","831,297","-135,642","-120,154","-64,588","296,459","154,091",,,,,,,,,,"-3,000","1,911,000",,,"0",,,"11,000","0",,,"17,000"
NormalizedEBITDA,"-14,544,272","-6,716,111","-6,063,530","-4,158,541","7,685,980","6,811,139","-648,982","-44,621","-6,854,218","2,666,137","4,890,778","191,912","1,114,930","-871,378","-336,087","2,380,922","4,757,580","1,134,004","3,125,932","-1,609,682","68,560","-1,158,825","494,941","1,061,782","596,280","-4,442,162","1,533,735","-915,775","-143,888","-8,414,615","-8,186,049","422,973","3,860,577","2,290,046","2,195,379","2,931,693","2,552,834","1,765,547","1,083,816","1,672,822","-126,747","1,731,230","276,737","1,076,655","1,499,898","1,282,146","548,400","188,654","145,456","280,105","41,721","740,238","-322,936","-834,340","-826,603","-526,405","-1,399,431","-1,815,846","-1,323,121","-921,620","3,021,019","-1,349,462","5,573,258","-2,024,412","-3,627,638","-615,895","-835,531","-952,018","-1,082,697","-696,461","-839,175","-613,196","-41,000","-1,000","-9,000","-2,000","-3,000","-2,000","-4,000",,"-2,000","-43,000","-2,000","-19,000","-2,000","-110,000","-107,000","-110,000","-91,000","-68,000"
TaxRateForCalcs,"0","0","0","0","0","0","0","0","0","0","0","0","0","0","0","0","0","0","0.4","0","0","0","0","0","0","0.077","0","0","0","0.4","0.004","0.35","0","0","0.35","0.35","0.006","0.006","0.35","0.35","0.053","0.069","0.35","0.003","0.016","0.016","0.032","0.026","0.35","0.35","0.35","0.35","0.35","0","0","0","0","0","0","0","0","0","0","0","0","0","0.4","0","0.4","0.4","0.4","0.4","0.4","0.4","0.4","0.4","0.4","0.4","0.4","0.4","0.4","0.4","0.4","0.4","0.4","0.4","0.4","0.4","0.4","0.4"
TaxEffectOfUnusualItems,"0","0","0","0","0","0","0","0","0","0","0","0","0","0","0","0","0","0","-436,097.2","0","0","0","0","0","0","597,261.487","0","0","0","-63,071.2","-4,360.121","-58,310","0","0","-18,809.7","0","0","-218.257","-35,687.4","-404,114.2","0","0","0","0","0","0","0","2,295.084","35,000","10,500","0","0","-68,556.95","0","0","0","0","0","0","0","0","0","0","0","0","0","-25,835.2","0","61,636.4","0","0","0","0","0","0","0","0","0","-1,200","764,400","0","0","0","0","0","4,400","0","0","0","6,800"